4750 6025
651 470 1053 606 uuururur'um
1085 492 1336 620 „unsrun
1377 523 1605 615 rurum.
1636 445 1652 596 J
1768 473 1772 479 ⁴
1882 537 1996 660 ¹19

312 1497 425 1582 Primi
448 1501 609 1607 exempli
632 1514 760 1584 cantus
783 1502 834 1583 est
855 1499 1115 1591 authenticum
1144 1502 1286 1584 cierum
1304 1503 1474 1594 ratione.
1503 1503 1595 1609 ipsus
1626 1507 1797 1586 inmuta
1820 1504 1993 1610 figurant,

254 1615 341 1718 quin
378 1613 538 1696 ascendit
575 1621 693 1696 unum
736 1629 872 1696 tonum
918 1613 1014 1696 ultra
1050 1613 1102 1705 id,
1142 1637 1226 1695 non
1241 1613 1491 1718 advertentem
1523 1618 1626 1721 quud
1649 1615 1739 1700 ficut
1756 1616 1840 1700 sunt
1867 1619 1997 1702 direrii

215 1813 217 1818 ,
253 1727 358 1832 quod
393 1730 514 1831 potest
541 1728 732 1810 ascendere
757 1727 930 1832 plagalis,
962 1727 1001 1806 dc
1024 1750 1102 1808 uon
1145 1728 1253 1808 modi
1275 1725 1349 1808 five
1376 1730 1480 1818 toni,
1511 1727 1560 1810 fic
1584 1731 1668 1811 sunt
1698 1731 1833 1813 diverse
1860 1735 1997 1837 prinni-
2058 1762 2060 1765 ·

170 1833 175 1844 '
254 1840 441 1921 descendit
460 1839 525 1922 niu
549 1843 782 1922 semitonium
806 1841 899 1922 ultra
919 1840 977 1932 id.
1001 1839 1104 1944 quod
1145 1843 1232 1944 piu,
1277 1839 1554 1932 distinctivum
1585 1841 1718 1947 species
1736 1901 1761 1934 .-
1779 1869 1922 1928 neumae
1955 1846 1997 1928 de

253 1945 376 2059 potest
400 1955 640 2036 authenticus.
691 1952 783 2036 lte'ru
808 1953 954 2034 secundi
981 1976 1106 2034 exem·
1145 1946 1281 2033 finales.
1311 1951 1410 2033 Num
1439 1955 1574 2036 modun
1607 1980 1671 2059 per
1694 1955 1829 2059 speciei
1859 1960 1998 2065 iudicu-

254 2067 305 2174 pli
332 2082 459 2148 cantus
481 2067 532 2148 est
554 2066 808 2156 authenticus,
828 2069 913 2170 quin
938 2065 1024 2145 licet
1050 2067 1106 2144 bie
1146 2089 1258 2156 mue,
1291 2066 1330 2144 ἃ
1346 2065 1482 2170 species
1502 2092 1567 2172 per
1583 2069 1829 2151 distinctiones
1847 2094 1997 2174 cogno·

254 2180 448 2262 descendat
467 2180 723 2271 semitonium,
744 2179 788 2259 ad
810 2178 914 2284 quod
937 2201 1016 2258 nun
1035 2200 1105 2281 po·
1144 2177 1241 2258 scere
1259 2201 1329 2259 um
1348 2195 1509 2282 oportet
1541 2181 1654 2284 Signa
1680 2185 1803 2272 enim,
1835 2205 1917 2288 qun
1932 2185 1996 2266 hu·

255 2294 595 2384 test·authenticus,
626 2307 749 2374 tamen
774 2291 835 2371 illu
858 2291 935 2372 duo
957 2290 1105 2370 semito-
1145 2291 1235 2370 bent
1250 2290 1470 2393 distinguere
1483 2293 1617 2396 species
1634 2294 1874 2390 interfusum
1891 2296 1997 2380 linere

256 2410 315 2488 niu
338 2431 418 2487 nou
445 2409 633 2509 attingunt
655 2405 701 2488 ad
727 2403 1018 2506 magnitudinem
1046 2417 1104 2482 to·
1146 2403 1337 2508 prutradae
1351 2403 1443 2484 infra
1460 2430 1527 2509 per
1551 2407 1661 2509 spatia
1684 2408 1722 2486 dr
1745 2407 1895 2500 unere,
1913 2435 1998 2514 quae

257 2523 315 2608 ni,
345 2520 392 2601 nd
419 2545 531 2625 quem
559 2530 637 2602 nn'n
666 2519 785 2624 potest
815 2515 988 2622 plagaliu3
1018 2537 1104 2608 num
1147 2516 1737 2624 punire-dicunturtubicumque
1769 2523 1869 2601 enim
1891 2524 1998 2627 pausa

258 2629 332 2734 ipsu
379 2632 462 2715 sunt
491 2635 683 2723 minora,
730 2634 815 2737 quin
857 2632 1104 2710 enarmonium
1147 2626 1213 2719 fit,
1244 2629 1411 2710 innuitur
1424 2633 1533 2712 nobie
1548 2631 1711 2717 deiistere
1730 2658 1751 2712 a
1771 2647 1892 2715 mutu.
1949 2633 1999 2717 Et

256 2742 370 2825 Tunc
399 2745 582 2834 dicimus,‘
608 2743 712 2849 quod
742 2742 922 2848 quidquid
948 2741 1108 2822 ascendit
1148 2740 1205 2820 hae
1229 2741 1344 2845 pausre
1368 2742 1505 2822 debent
1529 2736 1751 2847 distinguere
1767 2746 1927 2847 specim,
1959 2751 2000 2829 dc

257 2855 363 2960 supra
397 2854 421 2936 b
459 2861 621 2960 primum
660 2872 834 2952 acutum,
864 2861 914 2934 eit
943 2853 990 2936 de
1024 2853 1122 2935 sub·-
1148 2853 1240 2956 ipsus
1263 2853 1516 2946 diverfificare.
1547 2855 1748 2939 secuudum
1767 2859 1871 2962 quod
1889 2860 1999 2940 indi-

256 2969 383 3067 stantia
404 2973 513 3075 primi
533 2965 637 3061 tuni,
670 2970 805 3050 &nun
823 2966 991 3064 secuudi;
1021 2989 1106 3048 num
1148 2965 1257 3047 retiis
1273 2980 1453 3049 tonorum
1470 2970 1638 3052 cuntibus
1655 2970 1883 3052 ordinantur.
1896 2972 1999 3054 Neu-

256 3083 433 3187 utsupra
471 3084 608 3163 ditium
646 3083 719 3177 est,
749 3081 929 3163 secundus
967 3080 1108 3183 semper
1150 3104 1219 3161 mae
1232 3081 1405 3161 dicuutur
1421 3080 1502 3171 iliu,
1517 3105 1598 3185 qnae
1617 3085 1655 3162 iu
1674 3107 1906 3189 unoquoque
1916 3110 2001 3167 mo-

258 3194 370 3301 perh
396 3196 736 3279 rotundumdebet
761 3192 956 3275 ueceffnrio
976 3192 1109 3273 modu-
1150 3196 1285 3273 dorum
1305 3192 1449 3274 diveriae
1463 3195 1642 3274 existunt:
1674 3221 1756 3300 quae
1769 3199 1919 3301 quidem
1930 3222 2000 3303 pu-

258 3308 335 3388 lari.
383 3306 503 3390 Tertii
525 3307 687 3410 exempli
713 3321 841 3389 cantus
866 3306 917 3385 est
940 3304 1107 3409 plagulis,
1151 3319 1291 3386 nuntur
1319 3320 1391 3384 tum
1413 3310 1507 3385 eirca
1523 3311 1759 3410 principium,
1773 3334 1884 3413 quam
1905 3314 1999 3392 circa

259 3425 345 3524 quir
380 3425 448 3501 trin
483 3420 694 3509 semitonia,
724 3420 770 3499 ud
796 3440 890 3521 quae·
910 3418 1108 3507 descendit,
1152 3418 1330 3505 medium,
1352 3423 1692 3521 quametiarucirca
1710 3420 1831 3499 finem.
1855 3420 2000 3504 Verum

260 3546 395 3634 tonum
421 3532 608 3614 excedunt
633 3536 672 3611 iu
700 3556 772 3612 una
800 3528 908 3625 diesr3
939 3552 1023 3609 nuru
1043 3532 1112 3609 tria
1150 3533 1238 3633 ¹quia
1260 3528 1399 3632 semper
1416 3533 1660 3613 terminantur
1670 3535 1708 3613 in
1722 3530 1832 3624 finali.
1849 3536 1912 3615 ubi
1928 3551 2000 3617 ter-

260 3647 451 3747 iemitunin
483 3646 718 3727 enarmonica
749 3642 813 3723 sex
847 3640 959 3723 dieses
989 3644 1113 3722 couti·
1153 3646 1284 3721 minari
1299 3645 1409 3722 debet
1424 3657 1580 3735 cantus,
1603 3648 1738 3748 inquo
1756 3644 1880 3749 pufltae
1904 3646 1999 3737 suut,

261 3756 578 3853 nent-ineluiivm
609 3780 705 3839 unus
731 3770 855 3855 nutem
883 3770 995 3835 tonus
1021 3778 1123 3836 cun-v
1154 3780 1220 3859 per
1237 3754 1335 3857 ipson
1356 3778 1509 3860 quoque
1526 3756 1819 3839 satisfecundum
1835 3758 2000 3842 auditum

260 3874 357 3953 tinet
378 3871 497 3953 sulum
522 3873 701 3975 quinqum
739 3866 787 3948 Et
807 3862 857 3949 fic
880 3870 919 3947 in
939 3870 1113 3949 omuibus
1154 3866 1305 3973 poffunt
1322 3871 1402 3946 tuni
1414 3868 1602 3970 cognosci.
1619 3869 1717 3950 Num
1730 3869 1928 3953 secundum
1943 3872 2001 3955 lti-

154 3974 158 3981 ’
261 3985 431 4085 mutibus
453 3978 796 4063 suntudrertendae
827 3978 964 4083 regulae
991 3979 1116 4087 supru-
1157 3980 1296 4062 'dorum
1310 4002 1446 4062 ueumu
1454 3981 1505 4060 est
1513 3983 1729 4064 coniundtio
1740 3985 1950 4067 notularum
1965 3990 2002 4066 in

260 4096 385 4183 ‹1in
437 4094 543 4175 'unu
562 4094 736 4175 trudatur
755 4092 988 4173 drudrcimur.
1156 4094 1327 4200 quolibet
1341 4093 1566 4199 modorum,
1584 4112 1832 4208 quemntum
1851 4099 2002 4188 format.

291 4268 923 4375 rucluru-ruucrrrus
951 4268 1082 4371 xru.
1156 4207 2006 4424 ffiffl’ssffi‘sssfflssgssdffim⁸⁸ffxq2¹ss

264 4432 325 4521 De
344 4432 483 4540 paulis,
509 4435 680 4537 quomodo
712 4430 860 4515 debeam
881 4432 1049 4537 figurari
1074 4436 1117 4517 in
1159 4431 1267 4513 nertin
1293 4445 1467 4513 notarum
1485 4435 1701 4515 nominibus
1716 4438 1933 4527 constitutae,
1952 4436 2007 4517 id-

410 4598 413 4601 -
575 4557 684 4633 cantu
702 4545 825 4651 puna.
1160 4571 1210 4645 en
1227 4546 1349 4627 videre
1374 4544 1513 4625 neueffe
1540 4547 1591 4625 est
1611 4546 1658 4631 de
1682 4544 1820 4649 lignis,
1842 4572 1908 4652 per
1927 4574 2010 4654 quae

321 4658 497 4769 Sequitur
508 4662 634 4743 videre
651 4662 697 4743 de
716 4658 854 4769 paulis..
873 4658 1008 4742 seilicet
1022 4683 1120 4764 quo·
1159 4656 1589 4761 noturumfigurmrrum
1605 4667 1644 4739 in
1662 4663 1830 4742 cantibus
1858 4665 2010 4744 uomina

265 4776 385 4861 modu
414 4779 453 4859 in
485 4790 596 4858 centu
619 4775 733 4879 plano
769 4773 926 4853 debeant
955 4770 1115 4875 figurari.
1158 4771 1456 4874 cognoscamur,
1487 4795 1570 4875 quae
1597 4772 1749 4876 quidem
1779 4772 1896 4855 claren
1926 4778 2011 4863 uni·

265 4890 366 4975 Nam
379 4888 462 4971 suut
476 4888 616 4994 aliqui,
647 4888 711 4990 qui
729 4908 799 4989 pro
820 4883 886 4967 suo
905 4884 1013 4965 libito
1050 4908 1117 4965 ro·
1158 4884 1338 4964 venialiter
1372 4899 1642 4989 nuncupantur.
1700 4882 1804 4967 unu
1836 4890 2011 4969 trudatur

263 5000 686 5111 luntatimbeqmlege
700 4998 738 5081 dr
754 4996 1116 5104 uuunuionumspe·
1159 4996 1314 5079 decimus
1340 4996 1481 5080 tertius.
1802 5084 1806 5089 ⁴
1898 5110 1942 5196 N
