4750 6025
713 559 1003 654 ,capuana
1045 557 1434 646 nouatatoun.
1830 557 1944 684 395

513 736 655 822 Caaua
684 732 763 822 [ΙΙ.
1105 749 1166 820 tor
1194 739 1239 822 ad
1269 741 1463 845 capellam,
1494 743 1533 824 ἀ
1568 743 1639 827 suia
1670 745 1786 826 cottia·
1815 744 1949 836 induti,

400 845 459 931 De
487 851 650 952 Vesperis
677 849 881 954 Papalibut.
1105 850 1197 934 hora
1221 851 1395 936 uidelicet
1425 882 1490 960 per
1519 857 1701 939 summum
1731 854 1950 938 Pontificem

274 953 318 1044 ln
342 960 511 1075 vesperis
537 965 727 1069 Papaiibus
756 970 794 1046 in
821 965 955 1071 capella
979 963 1065 1050 Six-
1105 964 1333 1069 deputanda.
1353 971 1554 1074 &incepto
1570 969 1758 1053 Matutino
1774 970 1949 1075 persum-

215 1077 268 1167 ti,
301 1079 338 1155 ἀ
359 1080 395 1156 in
419 1073 562 1160 Basilica
589 1078 624 1158 S.
652 1076 835 1162 Petri'aut
858 1080 941 1161 alibi
969 1081 1064 1166 cele·
1104 1101 1210 1158 mum
1232 1079 1445 1162 Pontificem
1460 1097 1523 1163 aut
1542 1084 1699 1186 aliquem
1719 1082 1763 1163 tt
1787 1083 1837 1164 D.
1858 1083 1948 1164 Car·

215 1189 362 1269 branciis
388 1205 556 1270 cantores
584 1215 714 1270 omnes
745 1192 910 1272 interesse
935 1209 1063 1274 tenen·
1104 1190 1285 1283 diaalem,
1309 1195 1528 1275 noandum
1545 1197 1595 1276 esi
1616 1195 1872 1275 invitatorium
1890 1194 1947 1275 di·

206 1313 298 1392 tur,
328 1301 498 1383 videlicet
519 1306 558 1382 ia
584 1303 704 1382 choro
735 1307 803 1384 suis
827 1307 937 1386 cottis
956 1307 1063 1386 inda·
1103 1302 1150 1381 tii
1178 1308 1365 1396 matutini,
1397 1307 1562 1386 videlicet
1590 1304 1744 1398 Clusius
1772 1302 1947 1401 natatui

215 1413 512 1517 tiexspetiantea
548 1415 730 1496 summum
756 1415 972 1497 Pontificem
1001 1432 1064 1499 aut
1104 1413 1205 1492 nabis
1237 1413 1306 1504 &a
1345 1441 1411 1520 per
1438 1418 1533 1498 duos
1561 1418 1737 1521 soprauos
1763 1421 1946 1510 cantores.

216 1525 419 1627 collegium
439 1523 517 1606 RR.
533 1525 625 1607 DD.
644 1526 914 1620 Cardinalium,
938 1531 983 1608 ad
1002 1553 1064 1608 ve-
1106 1527 1144 1603 &
1170 1525 1307 1608 chorus
1331 1530 1439 1608 debet
1465 1530 1639 1633 replicare
1664 1529 1761 1609 idem
1789 1535 1827 1608 in
1861 1553 1947 1610 can·

215 1636 334 1741 sperae
369 1640 422 1718 ire
459 1639 519 1719 seu
556 1639 754 1730 celebaare·
773 1639 971 1750 volentem.
1016 1637 1064 1736 Et
1105 1649 1153 1730 ta,
1176 1637 1289 1740 plano
1314 1644 1452 1742 maiore
1476 1645 1593 1744 prima
1618 1664 1710 1722 voce
1753 1641 1946 1724 &¹altina

217 1754 444 1853 quicumque
472 1765 601 1830 cantor
633 1750 757 1830 absens
785 1753 895 1858 suerit
925 1754 973 1832 in
992 1750 1063 1834 fine
1104 1751 1183 1829 vice
1228 1751 1363 1832 choras
1409 1751 1569 1833 similiter
1604 1754 1839 1850 aoatiauabit
1876 1751 1947 1833 Va·

220 1859 359 1940 Gloria·
385 1860 495 1940 Patra·
533 1859 608 1950 &a
648 1866 757 1965 primi
796 1855 920 1967 psalmi
955 1864 1064 1945 diua.
1096 1863 1385 1944 attenderemus
1411 1862 1486 1953 &a
1518 1869 1557 1945 in
1588 1867 1699 1945 cantu
1729 1865 1840 1968 plano
1869 1889 1946 1944 aaa·

218 2001 302 2058 rum
343 1977 600 2080 vesperarum,
632 1975 863 2076 nuntiabitur
895 1980 933 2057 in
969 1972 1062 2057 iuliis
1100 1975 1195 2064 lori,
1228 1990 1268 2055 ut
1296 1977 1346 2056 est
1380 1975 1617 2058 consuetum:
1646 1980 1686 2055 ⁴&
1717 1994 1790 2056 taea
1818 1980 1946 2082 primae

219 2093 403 2193 quinque,
442 2089 481 2167 δι
511 2084 537 2166 u
562 2089 599 2166 in
621 2101 743 2166 totum
767 2087 877 2168 suerit
901 2087 1064 2171 absenaa
1104 2086 1314 2190 antiphona
1337 2092 1447 2191 peimi
1465 2091 1638 2170 ‘nouarni
1665 2091 1703 2167 in
1722 2102 1947 2192 contrapon-

217 2201 319 2281 disiia
340 2198 514 2304 vesperis,
534 2203 573 2279 in
597 2213 718 2279 totum
735 2201 985 2305 nuntiabitur,
1011 2199 1062 2282 vi·
1104 2197 1194 2289 aa„
1213 2202 1300 2279 item
1329 2203 1490 2304 primum
1517 2193 1800 2303 Responsorium
1825 2199 1947 2279 simili

128 2368 131 2374 ·
217 2313 350 2394 delicet
375 2315 413 2390 in
430 2309 534 2392 'iuliis
561 2314 699 2392 decem.
1074 2351 1077 2356 ·
1103 2323 1159 2390 ter
1181 2313 1219 2389 in
1244 2313 1511 2416 contrapuntlo
1533 2313 1767 2392 ‘decantanda'
1788 2312 1871 2393 sant
1900 2313 1946 2392 ab

449 2513 451 2516 ,
503 2422 646 2504 Canna
677 2419 772 2502 Llll.
1102 2421 1180 2523 ipso
1198 2422 1320 2503 =choro
1336 2423 1567 2527 replicando,
1588 2442 1630 2504 ut
1643 2425 1693 2503 esl
1706 2423 1942 2504 consuetum:

421 2533 478 2614 Da
508 2533 625 2633 Mitis
658 2529 859 2634 Papalistat.
1105 2535 1144 2612 &
1167 2534 1244 2614 aliae
1268 2536 1477 2638 antiphona
1509 2537 1664 2618 aliorum
1687 2537 1849 2617 duorum
1876 2558 1945 2615 no·

276 2645 447 2728 Similiter
480 2647 518 2726 io
545 2646 660 2728 Missis
689 2641 885 2748 ,Papauaaa
920 2649 958 2726 in
992 2645 1062 2728 Ca-
1104 2645 1317 2727 &annorum
1344 2640 1643 2728 non'cantantur
1663 2649 1702 2731 io
1722 2661 1947 2749 contrapon-

217 2759 311 2861 pella
332 2759 445 2848 Stati,
473 2777 535 2838 aut
560 2763 598 2840 io
625 2759 660 2840 S.
686 2757 795 2839 Petro
820 2759 878 2838 seu
901 2758 985 2838 alibi
1004 2783 1063 2840 ce·
1104 2757 1182 2847 sio.
1211 2783 1280 2837 nec
1299 2756 1641 2864 alia'responsoaia,¹
1659 2773 1816 2862 excepto
1848 2758 1945 2838 osta·

216 2869 397 2954 lebraadis
423 2871 596 2973 prasente
622 2872 766 2952 summo
796 2870 972 2950 Pontifice
1000 2885 1063 2950 aut
1104 2891 1153 2948 vo
1172 2869 1449 2972 'responsorio.,·
1481 2871 1582 2974 quod
1604 2886 1768 2950 motatur
1790 2874 1826 2948 in
1850 2894 1946 2949 con-

218 2984 380 3087 collegio
412 2979 488 3064 RR.
521 2980 610 3065 DD.
633 2982 922 3079 ,Cardioaliutm
954 2983 1061 3063 dum·
1103 2983 1305 3085 trapnnsto.
1353 2981 1397 3064 Et
1419 2985 1644 3089 quicumque
1666 2998 1861 3062 cantorum
1883 2983 1945 3063 ab·

160 3178 163 3183 .
193 3100 336 3178 ‘modo
362 3095 459 3177 missa
486 3100 621 3202 papalis
648 3094 709 3187 sat,
738 3120 866 3175 omnes
893 3112 1059 3175 cantorea
1102 3094 1181 3173 sena
1202 3094 1309 3174 fuerit
1331 3097 1368 3173 in
1392 3096 1464 3175 fine
1491 3096 1616 3174 Gloria
1641 3094 1750 3173 Patri
1759 3091 1845 3196 &a
1872 3095 1946 3196 pti·

217 3212 290 3291 suis
316 3216 425 3292 cottis
448 3212 566 3291 induti
590 3214 627 3287 in
652 3210 769 3288 choro
797 3207 911 3288 adesse
934 3223 1061 3286 tenen-
1102 3209 1153 3285 mi
1182 3206 1308 3309 psalmi
1334 3208 1416 3286 dittt
1443 3210 1632 3296 matutini.
1656 3206 1887 3309 pandabitua
1905 3206 1945 3284 in

209 3344 306 3419 tur,
347 3324 590 3427 exspatiantes
627 3321 809 3403 summum
845 3318 1061 3401 Pontificem
1101 3316 1197 3397 iuliis
1234 3333 1412 3422 quatuor,
1454 3317 1500 3398 ia·
1529 3322 1593 3424 qui
1625 3318 1749 3398 absent
1784 3316 1947 3399 similiter

217 3440 279 3522 seu
300 3440 504 3538 collegium
527 3433 772 3514 Cardinaiium
800 3446 995 3513 venturam
1015 3431 1061 3512 ad
1103 3432 1267 3515 extitetit
1289 3434 1327 3509 in
1351 3430 1426 3509 sine·
1444 3426 1571 3535 Gloria
1593 3428 1701 3508 Patri
1721 3426 1796 3518 &a
1821 3428 1947 3521 secun·

219 3552 470 3633 celebrandam
497 3544 649 3627 Missam.
693 3543 739 3625 Et
764 3558 893 3624 cantor
916 3546 977 3647 qui
1000 3545 1063 3621 ab·
1103 3543 1141 3622 di
1162 3541 1351 3633 animani,
1378 3544 1609 3646 puntlabitur
1631 3546 1669 3620 in
1693 3542 1787 3627 iuliis
1807 3544 1920 3622 tribua
1930 3564 1945 3637 3

219 3666 300 3745 sens
333 3664 442 3743 suerit
471 3683 490 3736 a
522 3658 640 3739 choro
679 3683 742 3760 per
776 3672 898 3736 totum
930 3656 1061 3736 latroi·
1107 3656 1145 3735 δι
1179 3652 1204 3732 lt
1239 3678 1259 3735 a
1294 3670 1379 3735 toto
1412 3653 1539 3736 officio
1565 3654 1688 3734 absent
1717 3653 1828 3734 fuerit
1856 3655 1947 3734 &a

219 3792 324 3864 tom,
344 3772 510 3853 uidelicet
535 3768 739 3865 anteKyria
754 3766 893 3870 eleison,
916 3769 1064 3870 panna-²
1107 3764 1220 3847 Missae
1256 3766 1356 3847 niun
1395 3772 1513 3858 notis,
1551 3768 1780 3871 nuntiabitur
1814 3768 1854 3843 in
1887 3780 1948 3845 to·

214 3880 321 3971 ‘bitur
348 3892 384 3966 in
418 3886 565 3966 duobus
592 3882 701 3961 iuliis:
730 3882 831 3985 quod
865 3880 891 3959 fi
922 3884 960 3959 in
993 3878 1064 3960 fine
1106 3894 1209 3972 tuna,
1240 3881 1405 3960 videlicet
1430 3884 1470 3959 in
1495 3881 1590 3961 iuliis
1614 3878 1763 3968 decem.
1805 3880 1842 3955 aa
1863 3900 1947 3981 per-

219 4005 381 4107 epittola
406 4001 515 4078 etiam
552 3994 676 4075 absens
704 3997 886 4081 extiterit,
918 3990 1066 4095 puniit·
1106 3992 1169 4071 det
1217 3992 1348 4093 regalsa
1392 3990 1499 4093 ipsius
1543 3989 1660 4070 missa.
1716 3989 1945 4080 advertunt,

220 4118 321 4197 bitur
346 4120 384 4196 in
412 4113 504 4193 iuliia
530 4112 693 4213 quinque
721 4108 757 4185 ἃ
781 4105 908 4209 pendet
932 4102 1065 4205 regalia
1106 4104 1208 4207 quod
1230 4101 1400 4183 Pontifex
1427 4106 1571 4183 intonat
1601 4101 1651 4181 Te
1676 4101 1796 4182 Deam
1821 4100 1949 4182 laada

219 4228 329 4335 ipsius
353 4224 480 4307 misiae:
510 4221 535 4303 si
567 4244 655 4301 aero
682 4242 747 4323 pet
776 4232 890 4297 totam
917 4213 1063 4295 autum
1104 4230 1183 4295 mas
1209 4212 1286 4304 &a
1317 4216 1467 4324 qnanalo
1492 4217 1543 4296 esi
1567 4214 1729 4320 ptaesm

219 4344 332 4427 suerit
356 4340 498 4427 absent,
520 4334 751 4438 nuntiabitur
780 4334 816 4408 in
844 4344 989 4417 totum.
1012 4330 1065 4407 ai·

219 4461 355 4543 delicet
370 4456 406 4532 in
434 4449 527 4531 iuliia
551 4448 697 4539 decem.
718 4451 755 4529 a
778 4453 907 4556 perdet
931 4450 1065 4553 regalia
1297 4482 1305 4486 ··
1402 4439 1541 4520 cnam
1569 4434 1651 4519 LV.-

219 4571 332 4679 ipsiaa
361 4562 485 4647 Mtuae.
1248 4550 1306 4632 De
1336 4549 1538 4631 Matutinis
1566 4546 1806 4630 tatabraaam.

509 4672 651 4756 caena
680 4663 779 4757 Ltv.
1163 4661 1343 4749 officium
1366 4750 1369 4754 ,
1394 4670 1434 4746 in
1482 4666 1670 4743 matutinis
1715 4662 1948 4742 tenebratum

221 4796 283 4880 Da
309 4790 498 4873 Matutino
519 4794 627 4870 nasis
653 4788 875 4868 Natiuitatis
903 4784 1063 4864 Domini.
1105 4782 1242 4862 cantari
1270 4776 1363 4857 solet
1386 4790 1496 4857 cantu
1520 4774 1629 4853 firmo
1654 4775 1692 4853 a
1721 4775 1875 4869 devote,
1908 4774 1947 4850 tia

290 4909 332 4989 ln
368 4906 560 4987 Matutinia
594 4903 799 4984 Natiuitatis
825 4898 872 4981 D.
901 4896 951 4980 N.
986 4896 1064 4978 lesu
1104 4918 1184 4973 non
1202 4904 1311 4971 oantu
1341 4887 1626 4989 contraponilo,
1656 4888 1837 4965 &omnen
1864 4906 1949 4961 can-

219 5022 356 5133 Chtisli
388 5042 519 5101 onanea
544 5033 710 5098 cantores
740 5012 911 5095 accedere
936 5025 1064 5091 tenen·
1104 4998 1406 5199 toaeassnqeqesge
1441 5014 1631 5093 tenentur.
1680 5000 1719 5078 &
1747 4993 1949 5190 exqqqgare
