4750 6025
607 541 941 632 Ponitiiiwii
984 527 1224 626 mnsrcni
1265 525 1665 622 mennonium.
1886 531 1997 649 133

274 719 364 837 Qu
376 721 459 830 ficii
482 719 673 824 nereffitm,
703 723 798 824 quod
816 720 902 804 talis
924 718 1116 821 pradellae
1158 717 1320 799 dividere
1353 722 1575 799 nominatur.
1635 711 1847 821 Qpnnrndo
1877 729 2000 796 autern

295 831 327 850 ”
369 842 410 920 in
425 835 571 940 scripio
592 833 722 930 merita
745 834 1024 936 mensurentur.
1084 916 1086 920 ,
1159 831 1295 912 modus
1325 829 1481 920 diuidat,
1511 829 1603 912 infra
1636 829 1779 910 dicetur
1806 828 1845 932 de
1870 828 1998 908 statim

562 957 565 962 '
1156 936 1300 1024 Sufficit
1317 955 1440 1023 antem
1464 941 1591 1030 nobie,
1610 964 1684 1044 qua
1706 941 1847 1027 ratione
1867 939 1938 1018 tale
1958 937 2001 1018 ii·

1161 1078 1299 1158 gamm
1322 1054 1455 1134 scilicet
1480 1052 1706 1156 pundellus,
1725 1049 1769 1130 iit
1791 1054 1829 1130 in
1856 1049 2002 1132 mensu·

1159 1181 1234 1248 rata
1257 1163 1391 1246 mulina
1412 1163 1652 1246 introdutlua
1692 1159 1780 1244 Hoc
1799 1163 1845 1242 de
1864 1165 1999 1266 primo.

334 1001 443 1087 Circa
477 1002 637 1106 primum
675 998 727 1081 eil
760 997 976 1106 sciendum,
1011 993 1115 1099 quod

278 1115 465 1200 moraliter
486 1109 677 1218 loquendo
700 1123 745 1192 'ac
763 1114 872 1192 etiam
896 1109 1119 1199 naturaiiter,

275 1227 383 1335 quod
405 1241 496 1307 tunc
515 1220 610 1307 terra
630 1225 803 1326 distingui
821 1223 975 1312 dicitnr,
1006 1244 1121 1324 quan-

275 1340 330 1421 do
350 1327 589 1441 distinguitur
608 1362 674 1443 per
693 1336 850 1442 aliquem
873 1332 1063 1415 decursum
1082 1356 1120 1414 n·
1195 1340 1380 1452 Quomodo
1405 1342 1447 1421 de
1469 1339 1542 1444 ipso
1561 1339 1636 1444 post
1654 1343 1892 1442 proprietates
1915 1333 1965 1430 id

277 1471 459 1556 querum3
488 1453 527 1530 de
545 1465 637 1532 tune
655 1474 735 1530 non
754 1447 839 1529 licet
858 1447 1004 1528 homini
1023 1460 1121 1526 tran·
1258 1471 1261 1476 ·
1348 1454 1475 1556 pausus
1489 1452 1543 1553 fit
1566 1454 1800 1534 trudendum.
1840 1501 1845 1508 ι

277 1561 347 1643 lire
366 1565 413 1644 de
435 1576 529 1665 terra
556 1563 602 1643 ad
628 1561 783 1662 terram,
806 1557 870 1639 nili
893 1565 932 1638 in
958 1561 1040 1640 navi
1062 1557 1122 1638 rel
1221 1565 1414 1666 Quantum
1436 1567 1486 1648 ad
1504 1565 1701 1651 secundum
1718 1567 1768 1646 est
1799 1561 1999 1656 sciendum,

273 1699 346 1780 per
372 1690 538 1778 pontem.
554 1671 603 1757 Et
623 1671 814 1763 iidicatur,
836 1697 900 1776 per
914 1673 1016 1777 quod
1035 1671 1122 1752 faci-
1162 1683 1267 1784 quod
1284 1683 1418 1759 merito
1433 1680 1518 1782 9⁰st
1533 1678 1656 1782 pals„
1674 1679 1722 1757 de
1741 1678 1819 1782 ipso
1833 1677 2002 1781 'punam

279 1788 376 1870 lini
396 1789 550 1868 dicimus
559 1784 661 1890 quod
680 1811 745 1890 per
754 1801 920 1888 pontem,
938 1789 1021 1888 qnia
1030 1797 1121 1866 tunc
1162 1790 1203 1872 lo
1228 1817 1293 1895 per
1319 1790 1489 1890 ordinem
1522 1792 1573 1870 est
1599 1789 1847 1872 teutlandum:
1892 1792 2002 1872 cuius

280 1903 505 1982 omittuntur
523 1898 675 1986 multa,
709 1922 789 2003 quae
816 1897 970 1978 suntad
998 1899 1118 1975 navim
1163 1908 1257 1985 ratio
1283 1904 1361 1992 est,
1391 1907 1476 2009 quia
1499 1903 1627 2005 pausa,
1657 1918 1699 1982 ut
1712 1901 1845 1982 ditium
1860 1903 1933 1992 eil,
1950 1901 2005 1986 ia-

280 2011 556 2117 gubernandam
591 2007 789 2091 necessaria
866 2007 978 2088 Nunc
1008 2011 1120 2112 igitur
1161 2019 1213 2096 cit
1241 2013 1404 2096 delinere
1426 2039 1446 2094 a
1466 2015 1676 2110 cantand03
1705 2014 1751 2093 a'd
1781 2013 1854 2094 hoc
1877 2025 2000 2093 autem

283 2129 331 2204 ite
353 2125 425 2216 est,
455 2118 559 2226 quod
582 2119 673 2202 ficut
697 2127 735 2202 in
756 2137 849 2203 terra
870 2118 940 2204 fiee
961 2123 998 2200 in
1019 2135 1121 2226 parte
1161 2127 1366 2208 tollendum
1386 2127 1593 2206 immediate
1612 2127 1697 2230 post
1711 2125 1800 2228 ipim
1814 2126 1938 2230 panim
1951 2123 2004 2206 est

280 2250 385 2318 terrm
408 2240 588 2316 tttminus
611 2237 815 2324 invenitur.
845 2233 1121 2338 111111111111111Ι
1162 2239 1384 2328 dicendum.
1411 2239 1500 2342 quid
1520 2235 1594 2341 ipse
1617 2235 1819 2342 punitellus
1838 2236 1945 2318 ircim
1962 2238 2001 2320 in

280 2352 377 2432 citur
407 2347 509 2452 quod
537 2362 653 2454 ponte
681 2361 849 2435 1111111111,
877 2347 926 2424 ita
948 2349 1055 2426 etiam
1082 2347 1120 2424 in
1162 2347 1295 2432 mufica
1317 2349 1528 2432 mensurata
1557 2347 1604 2430 Er
1620 2347 1692 2430 hoc
1708 2349 1754 2429 de
1772 2347 1944 2430 secundo.
1994 2355 1998 2364 '

279 2476 391 2544 cantu
413 2458 512 2542 finita
534 2463 801 2562 proportione.
832 2456 857 2538 ii
881 2457 1053 2540 uolumus
1076 2455 1121 2537 ad
1191 2460 1295 2569 Quid
1323 2461 1396 2563 ipse
1430 2459 1618 2567 prmdellrrr
1632 2457 1754 2560 furiet
1774 2461 1815 2540 in
1848 2456 1977 2561 mustea

280 2575 564 2680 proportionem
584 2571 740 2676 alionum
760 2567 991 2672 pertenente,
1009 2591 1124 2671 opor·
1475 2573 1690 2672 mensurata
1903 2637 1907 2642 .
1985 2633 1990 2639 .

280 2699 353 2774 tet,
373 2684 477 2789 quod
496 2685 533 2764 iu
550 2681 684 2764 mulina
704 2682 821 2771 taliter
840 2682 1038 2764 mensurate
1059 2682 1123 2780 alif
1221 2686 1417 2796 Quantum
1433 2686 1478 2766 ad
1494 2688 1642 2766 tertium
1660 2682 1933 2790 dicimur,qnod
1949 2685 2008 2788 ip-

282 2820 361 2904 quo
387 2811 532 2878 uranum
559 2794 687 2896 ligem
716 2793 820 2898 quod
849 2810 1001 2876 vocatur
1029 2816 1124 2894 pun·
1163 2796 1201 2880 se
1222 2791 1425 2902 pundeilu'r
1447 2801 1591 2886 ratione
1610 2798 1820 2878 immediate
1841 2796 2006 2899 superine

283 2909 432 2998 neilus,
469 2905 565 3012 quali
595 2905 879 2987 iimiiitndinarie
906 2905 1123 3012 loquend03
1165 2911 1258 2992 dide
1276 2909 1380 2992 modi
1395 2907 1527 2989 diviiin
1545 2907 2007 3015 nuncupeturequonndo

285 3026 371 3128 quia
393 3018 483 3103 ficut
503 3019 549 3099 de
572 3034 672 3124 parte
697 3033 802 3101 terrae
823 3018 922 3099 finita
944 3042 1010 3121 per
1029 3041 1125 3121 pon·
1165 3023 1296 3105 dividit
1314 3024 1370 3102 ab
1384 3024 1539 3103 invicem
1562 3024 1760 3103 videamur.
1796 3020 1878 3102 'Ubi
1894 3021 2008 3102 icien-

286 3150 361 3217 tem
381 3132 565 3215 evadimus
585 3132 630 3225 ad
650 3130 756 3227 aliam
777 3146 916 3234 partem
935 3146 1060 3221 terre.
1077 3128 1127 3211 iic
1167 3136 1256 3217 dum
1277 3135 1346 3224 eit,
1366 3135 1473 3237 quod
1495 3134 1692 3237 aliquando
1714 3132 1843 3213 diuidit
1872 3132 2007 3213 modos

288 3246 334 3327 de
360 3242 607 3348 proportione
633 3244 811 3347 temporie
836 3267 908 3323 una
936 3241 1034 3322 finita
1061 3264 1127 3344 pet
1168 3247 1363 3336 distantiis.
1392 3244 1483 3327 iicnt
1501 3246 1649 3350 quando
1664 3247 1817 3349 ponitur
1831 3244 2011 3328 interdu·

286 3358 508 3463 pundeiium
522 3359 687 3436 innuitur
701 3352 746 3435 ad
760 3357 1043 3463 proportionem
1058 3375 1128 3433 noe
1169 3383 1206 3437 ar
1225 3358 1282 3438 eei
1304 3372 1376 3437 tres
1400 3359 1526 3438 breues
1543 3354 1674 3459 politas
1699 3355 1900 3438 interdum
1928 3356 2010 3437 lon·

287 3468 491 3551 transferre.
537 3465 583 3547 Et
604 3469 688 3571 quia
715 3466 793 3545 talin
819 3464 1017 3569 pundellue
1042 3487 1130 3569 pro·
1168 3494 1262 3571 gae,
1291 3468 1460 3549 faciendo
1483 3485 1592 3550 notar
1619 3468 1802 3571 predictas
1828 3470 2011 3570 pertinere

288 3586 504 3686 portionem
532 3604 552 3657 a
578 3580 824 3680 proportione
853 3578 1012 3680 separat,
1043 3579 1128 3656 ideo
1151 3580 1237 3684 'per
1266 3578 1319 3662 sni
1338 3581 1560 3660 additionem
1579 3580 1623 3659 ed
1644 3582 1755 3660 alium
1775 3579 1930 3659 modum
1956 3580 2012 3659 di·

286 3718 308 3775 e
338 3692 513 3793 magistris
544 3692 582 3773 de
609 3688 820 3787 dodoribur
854 3687 995 3771 maiae
1026 3686 1129 3769 modi
1170 3692 1372 3781 scrutandi,
1395 3716 1505 3795 quem
1526 3692 1685 3771 facerem
1703 3690 1777 3770 liae
1792 3714 1852 3783 eo,
1870 3691 2010 3771 uthic:

347 4204 554 4309 Aliquando
583 4203 681 4282 enim
706 4202 857 4305 ponitur
883 4204 965 4306 pnil
987 4200 1162 4305 longam,
1193 4198 1350 4289 innuens
1374 4203 1485 4307 ipsam
1512 4204 1728 4308 periodum,
1758 4216 1869 4309 puta.
1896 4224 2015 4309 quau·

288 4319 343 4409 do
367 4316 479 4421 ipsam
503 4314 663 4418 sequitur
683 4312 761 4395 sola
786 4314 928 4405 brevit.
958 4312 1015 4394 vel
1041 4312 1162 4419 plures
1189 4340 1297 4420 quam
1322 4330 1414 4405 tres.
1444 4331 1487 4396 ut
1508 4316 1592 4398 hio:

276 4540 279 4547 ·
331 4519 907 4585 nvn-[rtrum
942 4459 1484 4594 ennea-mi
1585 4481 1591 4491 ’

331 4585 1484 4716 ·““ὼ“ιῗ“ῧῖ“ὲ“ωῧῖ

345 4780 444 4865 Nam
469 4781 586 4881 ionga·
608 4776 813 4882 liseqnltur
841 4774 976 4879 ipiem,
1000 4776 1140 4883 semper
1162 4781 1297 4861 dicitnr
1319 4775 1620 4884 imperietla'sola
1641 4782 1781 4868 brevis,
1812 4778 1869 4861 rel
1894 4778 2017 4881 plnres

290 4916 401 4998 quam
432 4907 505 4973 tter
536 4893 672 4994 absque
702 4888 889 4991 punueiio
920 4889 1105 4993 proditio.
1181 4892 1389 4995 Aliquando
1421 4905 1543 4972 autem
1575 4890 1694 4971 solnm
1723 4890 1851 4971 dividit
1883 4890 2018 4970 modor

291 5003 602 5109 proportionandi
627 5016 733 5081 notas
757 5002 804 5079 ab
831 5001 986 5081 iuvioem
1014 5004 1150 5105 absque
1175 5002 1351 5087 divifione
1380 5006 1484 5084 modi
1511 5002 1720 5097 discantur,
1749 5000 1840 5085 ficut
1866 5002 2017 5105 quando

288 5118 443 5225 ponitur
469 5115 566 5197 inter
588 5111 713 5221 piurm
737 5110 979 5207 lemibreree,
1010 5126 1054 5199 ut
1073 5112 1159 5196 hic:
1368 5112 1452 5211 Re
1849 5112 1962 5196 Tunc
