4750 6025
773 612 775 615 .
856 513 1080 603 suuurr
1106 479 1387 609 uurrcrc

529 695 648 799 Quod
677 692 721 780 ie
751 709 887 781 natura
903 700 1111 805 princeps,
1142 724 1209 807 per
1237 704 1324 811 sada
1353 705 1523 811 patescit,

529 812 648 911 Quod
677 827 806 901 natura
826 826 968 915 uegit,
999 816 1174 906 miratur,
1205 816 1364 923 denique
1392 817 1523 918 nescit,

525 923 571 1008 ln
599 944 637 1005 te
665 928 845 1027 coniungi
873 930 1056 1007 conuicia
1084 950 1170 1007 cum
1199 931 1410 1023 rideantur,
1519 921 1523 926 ’

525 1036 618 1119 Non
647 1048 690 1121 ut
706 1041 830 1131 ,mirra
857 1037 996 1138 solent,
1028 1039 1192 1122 medium
1219 1037 1573 1130 carisare'notantur.

526 1149 691 1233 Christus
720 1174 826 1233 verua
854 1150 996 1243 bunio,
1027 1174 1135 1235 verua
1161 1151 1270 1236 Deus
1295 1155 1594 1264 esse-probatur:

524 1267 586 1347 Sic
612 1289 688 1345 nou
717 1264 874 1345 diminui
902 1288 984 1366 part
1012 1264 1091 1345 hac
1117 1280 1180 1347 aut
1208 1267 1270 1347 illa
1298 1269 1438 1382 sciatur.

524 1378 680 1482 Spiritus
707 1376 803 1457 alme
826 1380 1009 1481 patricae
1037 1379 1137 1469 nuti,
1165 1393 1212 1461 tu
1235 1383 1384 1483 pictatia

522 1486 646 1582 Pone,
677 1503 720 1571 tu
747 1491 971 1593 principium
998 1512 1065 1593 per
1090 1491 1195 1594 quud
1221 1490 1268 1573 lit-
1286 1496 1404 1596 gratia
1424 1498 1558 1600 gratis,

522 1602 586 1685 Tu
614 1604 680 1683 lux
707 1604 745 1681 in
774 1604 966 1695 tenebris,
986 1614 1029 1682 tu
1056 1602 1148 1683 lucit
1174 1608 1438 1705 continuator3

524 1713 732 1799 Consularis
760 1712 931 1807 miseros,
961 1714 1154 1797 confratris
1182 1740 1221 1797 ra
1246 1735 1444 1821 reparator.

522 1824 692 1909 Errantes
718 1852 893 1934 revocer,
924 1829 962 1907 &
986 1828 1049 1909 dat
1076 1829 1300 1933 requiescere
1325 1830 1428 1912 scilic.

521 1940 641 2024 Ducis
663 1942 705 2029 ,dr
732 1940 877 2021 inducia
903 1944 1033 2043 inopes
1059 1942 1098 2021 iu
1124 1941 1256 2043 gaudia
1283 1942 1413 2023 meliis.

517 2050 582 2136 Da
608 2069 733 2158 pater,
765 2068 807 2135 ut
831 2049 940 2133 fimus
969 2055 1067 2139 vitio,
1087 2050 1428 2153 virtute.rebe11ea;

524 2165 554 2247 A
579 2170 685 2247 nobie
709 2190 861 2270 poenam
888 2164 938 2245 lic
962 2166 1073 2246 iudex
1100 2166 1190 2273 iuste
1216 2168 1378 2269 repelles.

519 2275 581 2359 Da
607 2278 680 2369 fili,
712 2278 849 2358 stolidae
873 2278 978 2381 quud
1005 2280 1138 2357 mentis
1163 2279 1264 2359 nube
1287 2279 1414 2380 fugate

520 2386 607 2472 Hoc
632 2394 768 2495 sapiant
794 2390 943 2481 buruli,
974 2389 1078 2493 quod
1106 2388 1176 2469 sint
1201 2390 1248 2470 de
1272 2390 1372 2470 sorte
1397 2394 1509 2473 beata
1556 2456 1560 2462 .

520 2503 681 2608 Spiritus·
702 2503 796 2607 alme
819 2505 926 2593 veni,
957 2503 1131 2585 bonitatis
1160 2504 1336 2605 complue
1362 2526 1448 2586 rure

519 2606 701 2706 Peslora„
724 2638 770 2695 ne
796 2613 906 2695 sterili
931 2628 1101 2701 merant
1127 2618 1274 2696 arentia
1291 2639 1407 2696 more.

519 2725 611 2808 Nun
635 2728 674 2811 bi
698 2728 783 2809 sunt
804 2726 925 2816 idem,
953 2727 1037 2809 sunt
1059 2748 1157 2832 quor
1179 2742 1276 2818 tres,
1305 2751 1384 2813 nun
1408 2730 1476 2809 tria
1498 2727 1622 2812 credo.

521 2837 637 2943 Regia
665 2838 713 2923 lic
740 2844 798 2921 ria
814 2864 885 2921 rue
911 2854 1054 2929 teneat,
1085 2862 1155 2921 nec
1179 2836 1311 2920 abinde
1337 2841 1481 2921 recedo.

520 2951 688 3052 Qualitas
714 2954 794 3036 baec
816 2949 941 3045 fiunt,'
957 2954 1069 3056 patric
1095 2952 1206 3036 huiue
1231 2955 1270 3032 in
1297 2976 1379 3032 arce
1403 2954 1568 3053 videbia3

516 3063 738 3170 Simpliciter
764 3067 915 3147 credens
942 3065 1010 3145 bac
1034 3089 1135 3160 nunu
1158 3069 1197 3144 iu
1223 3064 1315 3146 valle
1340 3066 1489 3147 tacebis..

520 3175 713 3282 Quodque
741 3177 955 3282 superfuerit
978 3182 1064 3279 ugni
1092 3177 1263 3280 paschalia
1288 3177 1455 3286 edendo,

518 3291 602 3394 lgui
631 3293 849 3388 comburat}
880 3293 942 3370 lex
971 3293 1136 3393 praecipit
1163 3290 1224 3370 ista
1243 3291 1455 3386 monendo.

518 3401 741 3484 Committaa
766 3403 875 3502 fidei.
913 3403 1095 3508 quidquid
1121 3403 1321 3484 dubitabile
1349 3401 1501 3499 crescit3

518 3515 639 3613 Quod
666 3516 771 3620 supra
795 3518 889 3596 vires
914 3516 1046 3606 suerit,
1078 3513 1127 3597 fic
1151 3515 1282 3598 laedere
1306 3515 1444 3611 neseit3

517 3629 743 3732 spirituique
768 3629 868 3709 sacro
893 3627 938 3714 da
963 3627 1144 3733 quidquid
1169 3626 1315 3708 sortiter
1340 3641 1474 3727 urget:

518 3740 641 3825 Crede
668 3740 781 3827 mibi.
811 3739 838 3818 si
863 3741 980 3822 credis
1005 3743 1061 3830 ei,
1076 3753 1079 3760 ’
1094 3763 1198 3820 mens
1221 3739 1369 3820 credula
1394 3738 1529 3839 surget

519 3851 657 3955 Saepius
683 3853 761 3933 haec
785 3852 1001 3957 loquimur.
1032 3851 1093 3932 sed
1119 3847 1191 3930 tale
1216 3871 1281 3952 per
1307 3853 1433 3931 omnia
1458 3855 1621 3945 munue3

518 3963 582 4045 Ut·
599 3966 693 4046 bene
720 3963 934 4054 credamus,
964 3964 1035 4069 det
1056 3963 1165 4050 nobit
1194 3964 1314 4044 trinus
1340 3963 1378 4043 dr
1403 3985 1510 4043 uuuu

518 4073 652 4156 Portus
675 4075 798 4166 adesi‚-
813 4099 964 4180 proram
989 4089 1090 4157 tenet
1111 4074 1292 4165 anchora.
1314 4075 1446 4179 cymba
1469 4082 1648 4154 movetur.

519 4187 598 4271 Sed
618 4191 762 4291 quoties
788 4187 943 4268 aderunt
967 4183 1118 4280 fluitur,
1149 4189 1482 4291 aperire'rcgetur.

520 4298 664 4400 Cymba
687 4301 835 4405 quidem
859 4300 1015 4402 fragilis,
1041 4323 1180 4406 pauper
1202 4301 1289 4403 quia
1310 4299 1442 4402 cymba
1463 4295 1658 4389 lobannis,

521 4410 617 4507 Qua
646 4411 778 4490 rimosa
805 4437 932 4493 carent
960 4412 1092 4508 cour,
1121 4409 1376 4514 obstrudiaque
1398 4411 1547 4514 panau.
1719 4508 1721 4511 Ι
1832 4525 1836 4532 ¹

518 4521 647 4604 Primo
674 4525 817 4604 servivit
844 4525 912 4603 tibi
938 4526 1049 4625 uirgo
1075 4545 1289 4626 parensque
1303 4525 1428 4612 beata,¹

518 4631 652 4737 Teque
679 4638 826 4718 iuvante
853 4637 928 4717 suit
951 4659 1039 4718 cum
1068 4635 1309 4740 prosperitate
1335 4634 1457 4716 reluta

518 4743 671 4828 Pondus
697 4761 773 4828 erat
798 4771 1001 4850 magnum.
1030 4745 1100 4827 suit
1123 4750 1244 4851 impar
1269 4749 1407 4826 ritibus
1432 4745 1532 4824 illisa

450 4923 453 4928 .
520 4855 594 4952 Sed
619 4871 660 4944 tu.
688 4858 880 4962 naufragio
906 4862 966 4962 pia
993 4873 1140 4962 promta
1160 4855 1458 4961 ,rogata-resiliit.
1501 4942 1505 4952 ,

499 4965 588 5050 ’Τιι
611 4992 710 5051 mare
737 4971 935 5075 postremae
962 4973 1131 5053 tenebrae
1155 4969 1359 5076 ludusque
1384 4963 1560 5050 retundit.

1843 459 1996 669 ¹247
