4750 6025
398 532 516 657 194
944 516 1203 619 ros-urus
1244 514 1334 608 nn.
1367 519 1566 610 sarunrs
1623 632 1627 640 ¹

389 720 448 801 nia
478 710 581 797 rudis
604 708 741 793 suerint
770 704 810 788 d
836 727 974 812 pancas
1010 706 1145 815 quihus
1175 728 1240 787 au·
1279 702 1365 786 disti
1392 728 1534 787 norom
1563 699 1701 809 aliquid
1727 700 1956 791 addiderunt
2014 706 2064 794 Et
2080 704 2134 795 he'

393 837 472 923 dor
488 833 642 935 quisque
655 822 848 909 succedens
872 818 1009 923 aliquid
1036 818 1124 899 novi
1142 818 1241 899 adie-
1280 817 1394 921 usque
1423 817 1537 899 hodie
1567 822 1783 923 contingit,
1814 822 1920 926 quod
1951 820 2042 905 hdot
2074 826 2136 906 di-

392 950 453 1029 cit.
493 944 537 1025 ln
558 939 659 1022 hunc
673 934 829 1017 modum
846 932 1017 1045 etiamde
1038 928 1163 1012 rivuso
1182 929 1241 1013 su·
1281 931 1405 1021 citur,
1441 932 1480 1012 in
1524 934 1823 1036 provenientibus
1861 934 1950 1016 lieet
1976 940 2134 1019 nonusna

393 1059 512 1164 premi
543 1054 657 1133 sontis
688 1049 730 1130 ht
765 1066 830 1151 per
864 1042 1100 1135 coile'diones
1130 1066 1241 1147 aqna·
1282 1040 1448 1145 fingere,·
1477 1040 1526 1124 hc
1552 1046 1590 1123 dr
1614 1045 1687 1125 dici
1713 1046 1832 1148 potest
1854 1045 1901 1127 de
1920 1059 2024 1129 nuso
2046 1052 2135 1130 mo-

395 1194 478 1254 rum
506 1168 641 1249 fluvius
661 1175 811 1267 portans
840 1178 976 1253 naues3
1005 1160 1053 1236 ita
1073 1157 1113 1237 ἀ
1132 1171 1243 1257 pote·
1282 1154 1334 1233 do
1357 1157 1533 1246 canendi,
1550 1156 1655 1261 quod
1670 1157 1806 1262 aliquid
1826 1182 1847 1239 a
1865 1160 2053 1241 modernis
2067 1161 2135 1243 ad·

391 1298 451 1366 rat
476 1277 573 1370 esse,
604 1275 707 1382 quod
727 1270 824 1353 subal
845 1273 985 1377 primus
1004 1264 1112 1359 esset,
1127 1281 1169 1347 ut
1188 1266 1244 1345 di·
1283 1268 1424 1359 iicitor,
1444 1267 1549 1369 quod
1571 1271 1616 1348 ab
1638 1272 1795 1373 antiquis
1814 1291 1892 1351 non
1917 1271 1987 1352 suit
2005 1275 2137 1355 inuen-

396 1400 449 1481 sit
475 1391 652 1495 Moyses,
681 1411 701 1467 a
729 1408 807 1489 quo
833 1386 871 1463 dr
891 1380 1023 1462 iubilus
1053 1380 1092 1459 &
1115 1379 1243 1459 iubila·
1284 1391 1389 1460 tum:
1416 1402 1530 1484 quare
1554 1382 1641 1461 teste
1664 1380 1885 1463 Priscilliano
1911 1400 2054 1491 quantu
2077 1390 2137 1471 iu·

396 1532 438 1593 re
460 1506 613 1595 dicitur,
630 1503 667 1583 dr
686 1498 789 1606 quod
806 1496 866 1578 alii
879 1492 1133 1599 subsequentes
1153 1514 1244 1595 pto-
1284 1493 1433 1585 niores,
1464 1506 1568 1587 tanto
1595 1492 1885 1600 perspicaciores

1075 1650 1247 1735 Metram
1278 1650 1453 1735 Eiusdem,

671 1818 812 1907 Muhca
841 1816 983 1901 dicatur
1010 1842 1090 1909 ars,
1120 1841 1202 1921 quae
1233 1817 1328 1898 rede
1357 1814 1570 1899 modulatur

671 1935 912 2037 Discreteque
937 1930 1074 2021 sonos,
1105 1930 1180 2011 hoo
1205 1931 1359 2010 nomine
1383 1934 1464 2011 iure
1493 1942 1673 2019 vocatur:

669 2046 800 2132 Fistula
830 2044 931 2146 musa
958 2044 1029 2127 suit
1057 2041 1148 2124 oiim
1178 2038 1380 2147 pastoribus
1408 2054 1504 2147 apta.

671 2160 845 2264 illiusque
873 2155 966 2239 sono
992 2156 1063 2237 fuit
1087 2158 1208 2247 auria.
1238 2178 1343 2236 mens
1360 2159 1521 2261 quoque
1541 2172 1661 2263 capta.

670 2270 824 2356 Dismnt
849 2271 984 2372 longo,
1014 2270 1155 2360 brevis,
1187 2271 1377 2372 maiorque
1404 2270 1602 2377 minorque
1620 2282 1819 2377 ,patentem

672 2384 786 2466 Primi
815 2384 973 2488 pastores
1002 2380 1078 2463 hoc
1105 2381 1276 2463 audiuere
1303 2380 1482 2472 libenter.

674 2496 720 2577 Et
747 2494 1018 2577 concordantes
1046 2493 1111 2575 bas
1139 2496 1369 2575 coniunxere
1397 2492 1635 2600 frequenter3

675 2609 854 2706 Quamvis
883 2605 1064 2689 discordes
1098 2607 1287 2687 videantur
1313 2604 1454 2709 sintque
1485 2609 1667 2693 decenter.

673 2718 780 2805 Hanc
801 2720 864 2803 aui
892 2721 1021 2809 dicunt
1047 2742 1069 2799 a
1094 2716 1203 2804 musis
1232 2717 1372 2799 'nomen
1403 2720 1554 2828 habere,

673 2832 800 2917 Corda
830 2846 1022 2936 poetarum
1052 2829 1195 2911 assuetis
1224 2830 1339 2912 muita
1367 2831 1513 2923 docere.

674 2946 759 3032 Sive
785 2968 919 3051 moys,
949 2943 1052 3049 quod
1076 2966 1215 3048 aquam
1239 2942 1376 3046 signat,
1417 2956 1528 3051 caput
1553 2946 1660 3028 huius
1688 2943 1856 3039 babetur,

675 3057 880 3142 Multisono
907 3059 1055 3160 strepitu
1083 3061 1187 3139 cuius
1213 3081 1310 3137 nova
1337 3059 1452 3161 priora
1479 3058 1676 3162 docetur..-

676 3173 802 3261 lubal,
834 3169 1072 3252 Mathusalem
1099 3193 1185 3250 cum
1210 3167 1420 3274 Pythagora
1449 3172 1687 3265 docueruut,·
1731 3180 1735 3198 ²

676 3275 878 3387 Orpheus,
907 3282 1096 3386 Amphion
1120 3281 1219 3361 illam
1235 3329 1259 3371 ‚,
1278 3285 1461 3386 primique
1487 3284 1646 3363 fuerunt.
1776 3375 1780 3382 ⁸

676 3394 784 3478 Unus
812 3409 888 3476 erat
916 3397 1077 3498 primus,
1096 3416 1187 3493 *non
1213 3396 1323 3496 primi
1351 3409 1520 3497 tempore
1546 3397 1688 3489 cundi,

676 3505 799 3590 Prima
822 3506 888 3587 sed.
906 3505 1077 3611 augendo
1101 3519 1274 3608 poterant
1303 3527 1435 3586 omnes
1459 3505 1540 3587 sore
1563 3507 1687 3590 iundh

676 3619 737 3702 Sic
763 3618 874 3700 hodie
900 3617 1007 3698 multi
1032 3621 1161 3698 vivunt
1183 3617 1258 3698 hoo
1283 3620 1438 3697 munere.
1460 3616 1596 3708 subdi,

677 3732 739 3813 Sic
767 3754 863 3811 nova
888 3727 1114 3834 protrahitur
1145 3720 1359 3842 ab'origine
1384 3728 1501 3809 littera
1528 3729 1664 3832 pondi

675 3843 752 3925 Usu
776 3857 986 3929 cantantes.
1016 3844 1102 3944 quia
1133 3842 1256 3922 munit
1283 3839 1415 3921 mustea
1441 3865 1593 3932 nomen.

676 3953 764 4036 Hoc
789 3955 922 4052 habet3
950 3953 988 4032 du
1011 3949 1165 4034 faustum
1192 3955 1254 4034 dot
1274 3958 1320 4034 ah
1334 3955 1607 4035 'incantantibus
1628 3969 1759 4039 unren.=

676 4066 828 4148 Nomen
855 4067 893 4146 δι
914 4067 1077 4147 austures
1102 4087 1167 4168 per
1191 4066 1282 4146 dido
1309 4081 1434 4170 putent
1460 4067 1652 4150 manifeste.

676 4177 855 4266 Cuius&
881 4178 1016 4260 utilitas
1041 4177 1124 4280 post
1149 4179 1226 4258 hoc
1252 4177 1410 4259 succedit
1434 4177 1595 4258 honeste.
1727 4213 1731 4218 ·

676 4289 779 4374 Finis
803 4291 926 4382 enim.
955 4294 1084 4394 pigros
1111 4307 1263 4379 monet,
1294 4292 1450 4379 excitat.
1479 4292 1658 4395 approbat
1683 4291 1770 4374 artis
1867 4326 1872 4339 ··

676 4401 813 4515 Totius
836 4403 961 4483 seriem
988 4401 1135 4483 tantislae
1160 4405 1303 4482 muneri
1330 4403 1451 4505 partis.

663 4513 803 4598 'Tertia
825 4539 906 4624 pars
933 4515 1114 4620 sequitur,
1143 4537 1226 4618 que
1251 4513 1381 4594 diuidit
1403 4515 1443 4594 br
1474 4513 1584 4595 docet
1608 4515 1683 4605 uti.

678 4625 724 4708 Et
746 4629 811 4734 qui
836 4625 926 4718 sint.
957 4627 1089 4734 quibus
1115 4627 1329 4731 imprudens
1355 4626 1544 4710 consueuit
1568 4628 1679 4706 abuti.

678 4738 739 4820 Sic
765 4741 940 4820 ternarius
966 4739 1040 4821 boc
1064 4753 1187 4830 tenet,
1218 4754 1378 4843 occupat
1406 4764 1521 4820 omne
1546 4738 1745 4828 uolumen,

678 4847 790 4935 Felici
804 4851 903 4944 *felix
929 4850 1118 4952 designans
1148 4853 1275 4932 omine
1300 4875 1450 4933 numen.

678 4961 752 5045 Hic
779 4987 953 5045 numerus
980 4967 1119 5066 primus
1145 4963 1298 5043 infames
1322 4963 1452 5044 deserit
1478 4976 1583 5052 ante,

678 5075 761 5163 Nec
788 5093 889 5170 sacas
915 5099 937 5156 e
962 5075 1086 5157 medio
1114 5079 1287 5155 virtutem
1313 5073 1548 5185 significante.
