4750 6025
781 575 862 666 on
906 579 1464 669 rnononnrournua.
1872 583 1989 697 313

316 759 544 866 Pythagorae
563 753 697 844 solent
725 761 869 844 aurium
895 760 1033 844 iudicio
1058 762 1105 846 de
1148 765 1272 848 otiare
1299 767 1548 871 proportione
1568 776 1701 844 tonum
1729 755 1911 844 soranam:
1936 761 1994 842 hae

258 873 506 958 consonantiis
532 874 719 956 adherere
745 875 943 978 (quoniam
980 872 1105 956 secun·
1146 881 1245 960 eninr
1272 877 1355 958 solae
1381 878 1513 980 species
1541 874 1750 977 multiplicia
1787 876 1826 952 in
1861 872 1993 952 conso-

257 984 349 1068 dum
383 987 585 1090 quemlibet
615 990 711 1066 circa
748 985 812 1076 id,
857 986 960 1090 qnod
996 985 1102 1067 suum
1145 993 1278 1069 nantiie
1301 989 1437 1068 habent
1463 989 1600 1067 locum.
1644 985 1835 1090 Simplices
1860 985 1992 1065 conso·

256 1100 434 1190 nonest,
460 1098 577 1202 decipi
604 1121 681 1177 non
705 1097 756 1176 est
780 1089 938 1188 miraris,
967 1098 1103 1180 iudicat
1144 1104 1319 1182 nantiaein
1332 1100 1551 1204 simplicibus
1560 1100 1877 1203 proportionibus,
1886 1120 1993 1176 com·

256 1213 356 1292 enint
379 1213 474 1292 auria
498 1211 652 1299 sonum,
684 1213 980 1312 proportionem.
996 1211 1103 1288 mini·
1144 1211 1268 1317 posita
1297 1210 1574 1316 incompositis
1601 1211 1736 1290 habent
1766 1210 1860 1287 fieri:
1890 1209 1991 1288 unde

255 1345 317 1402 me
335 1318 659 1428 comprehendit):
683 1323 721 1400 in
742 1323 921 1400 anxietate
942 1318 1005 1402 diu
1028 1345 1103 1401 ma-
1143 1325 1313 1428 diapason
1339 1326 1376 1404 dr
1399 1325 1568 1426 diapente
1591 1327 1627 1402 in
1658 1321 1763 1426 tripla
1787 1321 1876 1410 suit,
1908 1343 1990 1422 quat

256 1457 371 1525 nene.
402 1434 555 1538 qualiter
578 1434 762 1514 seientiam
785 1433 832 1513 de
853 1433 1101 1514 consonantiis
1141 1439 1315 1544 provenit
1338 1457 1385 1517 ex
1409 1436 1519 1538 dupla
1544 1437 1582 1513 ἃ
1609 1434 1852 1538 sesquialtera,
1883 1446 1926 1512 ut
1951 1451 1989 1512 2.

253 1546 517 1626 rationabiliter
530 1547 730 1634 inveniret,
745 1543 898 1648 quadarn
915 1547 993 1625 vice
1012 1569 1102 1648 prae·
1142 1571 1180 1645 4
1204 1563 1240 1628 6.
1265 1548 1324 1632 Bia
1354 1548 1526 1652 diapason
1554 1546 1780 1652 quadrupla,
1809 1567 1891 1647 qua
1923 1565 1988 1622 na·

254 1661 389 1740 seriens
406 1655 570 1738 officinas
583 1657 784 1748 fabrorum,
800 1655 950 1736 mallent
964 1659 1102 1738 audivit
1142 1660 1251 1742 scitur
1283 1681 1330 1741 ex
1366 1658 1497 1762 dupla,
1528 1676 1571 1739 ut
1606 1679 1642 1736 2.
1676 1679 1714 1754 4
1748 1669 1782 1746 8.
1811 1652 1988 1736 Diatessa·

254 1771 451 1876 quamdam
474 1770 748 1850 consonantiam
771 1769 971 1848 mirabilem
994 1771 1099 1848 emit·
1142 1795 1213 1853 ron
1239 1773 1276 1853 da
1304 1774 1472 1876 diapente
1495 1772 1666 1874 diapason
1695 1768 1873 1857 reddunt,
1897 1789 1988 1870 pro·

255 1895 400 1971 tentes,
432 1883 469 1961 dt
495 1883 612 1962 sintina
640 1879 738 1984 quase
764 1883 941 1960 attonitus
967 1881 1012 1959 ad
1035 1904 1102 1959 eoc
1141 1889 1241 1966 venit
1267 1893 1362 1964 enim
1388 1884 1500 1988 dupla
1526 1907 1573 1963 ex
1602 1881 1825 1983 sesquialtera
1851 1879 1890 1958 de
1915 1877 1988 1958 set·

253 1995 523 2074 conversusesb
553 1991 824 2096 Dubitancque,
841 2015 947 2072 neex
962 1993 1098 2073 viribus
1140 1998 1332 2101 quitertiae,
1363 2009 1405 2077 ut
1433 2016 1470 2075 2.
1497 2016 1532 2088 3.
1565 2017 1599 2091 4
1630 1992 1815 2096 Diapente
1840 2012 1888 2069 ex
1917 1987 1988 2069 ser·
2022 2045 2026 2050 -

253 2103 450 2188 hominurn
471 2105 628 2200 melodia
645 2108 877 2208 proveniret,
900 2101 993 2184 iussit
1011 2102 1100 2182 mal·
1140 2109 1314 2211 quialtera
1346 2109 1385 2187 da
1417 2107 1639 2212 sesquitertia
1659 2104 1719 2196 sit,
1750 2118 1792 2183 ut
1814 2113 1851 2182 6.
1881 2113 1917 2190 8.
1945 2123 1984 2193 9·

252 2217 332 2296 leue
349 2220 568 2322 permutari,
589 2217 742 2297 &idern
764 2232 807 2298 ut
827 2217 928 2322 prior
945 2215 1099 2296 sentiens
1137 2215 1368 2302 Diatessaron
1393 2223 1535 2300 constat
1559 2243 1607 2299 er
1639 2216 1785 2297 dnobus
1814 2216 1915 2295 tonia
1946 2211 1986 2292 dt

252 2330 525 2420 animadvertit,
540 2329 815 2410 consonantiam
829 2327 866 2409 in
881 2327 1097 2408 malleorum
1139 2332 1358 2414 semitonio:
1389 2332 1558 2435 diapente
1588 2353 1635 2409 ex
1666 2329 1782 2408 tribur
1812 2328 1912 2405 tonia
1939 2323 1986 2424 te

253 2457 382 2522 natura
404 2439 453 2520 sic
476 2439 642 2545 disposita
660 2443 852 2522 contineri.
913 2439 1098 2520 Numerus
1139 2439 1345 2526 semitonio.
1391 2442 1464 2524 Sed
1491 2443 1569 2523 lraec
1598 2442 1676 2524 dno
1700 2439 1841 2522 faciunt
1865 2435 1987 2538 diapa-

252 2553 474 2634 malleorum
502 2568 577 2635 erat
597 2555 772 2658 quinque,
793 2551 852 2634 sed
873 2555 1023 2656 quintae
1041 2573 1099 2631 re-
1138 2555 1205 2639 snn
1229 2569 1448 2658 aggregata3
1467 2577 1559 2655 ergo
1582 2551 1752 2655 diapason
1772 2548 1914 2629 constat
1937 2566 1989 2625 ex

251 2667 363 2746 sedne
382 2665 451 2757 est,
476 2667 652 2770 quoniam
673 2663 882 2745 dissonabat.
921 2661 1099 2760 Quatuor
1139 2671 1305 2772 quinque
1337 2671 1436 2746 tonia
1470 2689 1556 2746 cum
1589 2665 1735 2745 dnobus
1773 2658 1985 2741 semitoniis.

252 2780 366 2880 igitur
387 2778 657 2870 remanserunt,
681 2801 842 2882 quornm
870 2778 1035 2880 pondera
1058 2777 1098 2855 in
1140 2773 1212 2861 Sed
1240 2780 1300 2859 illa
1329 2779 1405 2858 duo
1434 2779 1620 2874 semitonia
1649 2778 1695 2856 ad
1721 2773 1985 2876 perfetiionenr

252 2893 495 2994 proportione
516 2889 648 2992 dupla,
681 2889 934 2993 sesquialtera,
964 2888 1098 2990 sesqui·
1138 2895 1220 2973 toni
1254 2914 1332 2970 non
1365 2891 1543 2982 veniunt,
1579 2902 1621 2970 ut
1648 2888 1825 2992 probatur
1860 2886 1898 2960 in
1933 2879 1985 2959 se·

252 3005 378 3093 tertia,
402 3003 644 3107 sesquiotiara
667 3005 922 3106 experimento
945 2997 1096 3081 sensibili
1138 3007 1276 3109 quenti.

252 3114 335 3198 sunt
350 3131 519 3215 reperta3
547 3138 656 3217 quam
679 3117 961 3217 proportionem
982 3118 1020 3191 in
1041 3116 1098 3191 in·
1194 3165 1296 3263 Quia
1315 3164 1449 3245 dmum
1467 3165 1537 3255 est,
1568 3160 1738 3265 diapason
1754 3157 1917 3239 constare
1935 3176 1983 3235 ,χ

252 3226 458 3305 strumentis
482 3249 703 3314 nervorum,
731 3226 978 3315 foraminum,
1009 3247 1098 3305 ren·
1137 3281 1303 3382 quinque
1318 3282 1419 3357 tonis
1441 3278 1481 3355 ἃ
1498 3274 1644 3357 duobm
1659 3272 1877 3355 semitoniis.
1902 3289 1984 3373 quae

252 3351 401 3467 torum,
422 3336 578 3417 aliorum
601 3340 788 3440 antiquam
811 3337 1015 3466 instantiam
1038 3360 1097 3416 re
1137 3412 1216 3468 non
1245 3393 1464 3492 perveniunt
1500 3388 1614 3490 usque
1644 3383 1690 3465 ad
1721 3382 1984 3489 maionem

251 3472 415 3553 senem·
434 3463 605 3549 ΒΜ*
627 3448 687 3527 ‘st‘
746 3440 802 3528 Ε*
826 3450 961 3551 ‘subm
984 3468 1096 3551 ‘¹⁹⁰'
1135 3499 1552 3597 sextonorum31essat
1574 3496 1786 3583 ostendere,
1806 3490 1911 3597 qnod
1931 3492 1983 3569 se·

251 3561 417 3639 rimentis
450 3560 496 3637 ad
532 3562 750 3639 memoriam
789 3560 1096 3640 concurrentibus
1136 3614 1334 3691 mimium
1363 3604 1564 3693 secundum
1590 3632 1720 3688 vocem
1746 3630 1825 3685 non
1851 3603 1894 3684 fit
1919 3624 1982 3681 ve„

251 3672 534 3801 “Pessimum
549 3668 780 3805 sniversale!
808 3670 912 3775 ΨΜ
937 3668 1001 3751 fibi
1024 3671 1095 3753 fuit
1134 3746 1176 3803 re
1195 3723 1368 3803 mediatae
1394 3725 1494 3812 toni,
1528 3718 1801 3826 quodquidam
1824 3716 1983 3817 antiqui-

250 3804 472 3889 pffl'c'pwm
492 3796 576 3861 ’ως
597 3783 634 3861 ⁸⁶
654 3782 819 3863 sewun*
1134 3847 1196 3915 tua
1215 3807 1442 3913 aestimabaris.
1474 3832 1682 3930 Quodlibet
1702 3830 1893 3907 dimidium
1912 3826 1983 3906 dn·

307 3936 354 4023 Et
378 3954 423 4023 ut
444 3943 570 4023 clarina
594 3954 789 4045 appareat.
829 3941 932 4047 quod
958 3942 1094 4025 ditium
1134 3946 1311 4049 plicatum
1334 3946 1444 4025 debet
1463 3949 1606 4045 integre
1626 3943 1778 4021 reddere
1797 3940 1900 4019 suunt
1921 3952 1982 4017 to-

250 4052 314 4143 ert
325 4050 522 4158 proportio
537 4053 753 4135 malleorum
770 4055 808 4133 in
822 4056 995 4145 numeria,
1013 4056 1096 4158 qui·
1136 4070 1239 4136 turn:
1269 4056 1330 4137 sed
1364 4056 1598 4135 semitonium
1634 4052 1862 4155 duplicatum
1901 4064 1998 4130 non'

249 4165 320 4245 bue
349 4168 474 4269 primo
506 4160 703 4267 proportio
735 4167 940 4267 competit.
974 4166 1094 4245 ossen-
1132 4170 1280 4268 integre
1301 4181 1424 4249 torum
1447 4167 1586 4257 reddit.
1605 4164 1708 4268 qnod
1734 4177 1832 4267 patet
1851 4165 1890 4241 in
1912 4186 1982 4242 nu·

250 4272 366 4356 datur.
398 4274 478 4356 Sint
491 4276 603 4377 igitur
616 4276 780 4377 pondera
797 4274 1008 4355 malleorum
1031 4292 1092 4356 r‘n.
1135 4283 1246 4359 meria
1277 4280 1453 4360 ordinatis
1484 4298 1577 4373 243.
1609 4278 1647 4355 dc
1675 4288 1767 4368 256.
1794 4276 1859 4378 qui
1892 4298 1982 4374 prn-

251 4411 287 4481 9.
309 4398 344 4475 8.
363 4400 398 4465 6.
419 4390 532 4487 igitur
555 4399 589 4466 6.
604 4386 648 4467 ad
667 4409 727 4466 ra.
753 4403 959 4487 comparata
981 4388 1091 4490 dupla
1134 4392 1346 4493 portionem
1383 4390 1633 4471 semitnnalem
1662 4389 1832 4467 reddunt.
1878 4386 1979 4466 Nam

247 4500 492 4604 proportione
526 4496 697 4601 diapason
739 4513 979 4601 reputantur:
1028 4518 1089 4581 ra.
1136 4512 1230 4598 256.
1267 4501 1315 4580 ad
1360 4525 1374 4576 ι
1381 4522 1448 4595 92.
1492 4516 1724 4606 eomparatur
1755 4499 1979 4603 sesquitertia

248 4632 339 4691 aero
363 4608 409 4689 ad
438 4630 474 4700 9.
503 4608 542 4687 &
567 4620 601 4697 8.
628 4610 675 4689 ad
696 4620 732 4687 6.
760 4608 979 4711 sesquitertia
1004 4632 1092 4713 pro-
1134 4616 1379 4717 proportione
1402 4612 1615 4695 diatessaron
1638 4613 1824 4716 complet,
1853 4632 1978 4715 aquo
2074 4680 2079 4687 .

248 4724 423 4826 portione
448 4716 660 4799 diatessaron
681 4719 928 4801 manifestant:
960 4740 1021 4800 ra.
1043 4722 1091 4803 ad
1133 4722 1266 4806 demtis
1297 4724 1443 4807 dnobus
1475 4730 1574 4807 tonia
1600 4738 1763 4807 remanet
1794 4722 1982 4803 semitoni·

246 4832 293 4941 ad
319 4844 354 4923 8.
374 4834 411 4911 dr
437 4853 474 4923 9.
497 4829 542 4911 ad
568 4841 603 4910 6.
625 4827 852 4937 seeqnialtera
871 4836 1093 4935 proportio-
1133 4858 1211 4918 um.
1241 4836 1458 4919 Differentia
1471 4842 1586 4941 igitur
1604 4842 1701 4919 inter
1715 4856 1808 4935 243.
1826 4837 1865 4914 dr
1884 4843 1976 4927 256.

246 4968 295 5027 ne
319 4942 488 5025 resonant
518 4940 709 5047 diapenter
743 4954 778 5030 8.
809 4942 854 5024 ad
884 4966 923 5035 9.
958 4940 1092 5051 sesqui-
1133 4948 1184 5030 ess
1211 4946 1978 5057 13.cuiueduplumest26.quudaddi·

299 5104 549 5191 Serranum
567 5126 659 5189 rar.
682 5124 735 5187 ue
755 5100 926 5189 Manca.
956 5102 997 5188 P.
1011 5102 1076 5192 sss
1419 5108 1495 5217 Rp
1842 5074 1924 5143 ¹⁰¹²
