<?xml version="1.0" encoding="UTF-8"?>
<!DOCTYPE html PUBLIC "-//W3C//DTD XHTML 1.0 Transitional//EN"
    "http://www.w3.org/TR/xhtml1/DTD/xhtml1-transitional.dtd">
<html xmlns="http://www.w3.org/1999/xhtml" xml:lang="en" lang="en">
 <head>
  <title>
</title>
<meta http-equiv="Content-Type" content="text/html;charset=utf-8" />
  <meta name='ocr-system' content='tesseract 3.04.00' />
  <meta name='ocr-capabilities' content='ocr_page ocr_carea ocr_par ocr_line ocrx_word'/>
</head>
<body>
  <div class='ocr_page' id='page_1' title='image "./scriptoreseccle00gerbgoog_0120.png"; bbox 0 0 4750 6025; ppageno 0'>
   <div class='ocr_carea' id='block_1_1' title="bbox 666 503 2029 648">
    <p class='ocr_par' dir='ltr' id='par_1_1' title="bbox 666 503 2029 648">
     <span class='ocr_line' id='line_1_1' title="bbox 666 503 2029 648; baseline 0.011 -50"><span class='ocrx_word' id='word_1_1' title='bbox 666 509 1072 601; x_wconf 66' lang='lat' dir='ltr'>‘coutulerunt</span> <span class='ocrx_word' id='word_1_2' title='bbox 1118 506 1361 600; x_wconf 78' lang='lat' dir='ltr'>norrun</span> <span class='ocrx_word' id='word_1_3' title='bbox 1398 503 1630 604; x_wconf 70' lang='lat' dir='ltr'>‘annun</span> <span class='ocrx_word' id='word_1_4' title='bbox 1909 519 2029 648; x_wconf 84' lang='lat'>107</span> 
     </span>
    </p>
   </div>
   <div class='ocr_carea' id='block_1_2' title="bbox 252 681 2066 3288">
    <p class='ocr_par' dir='ltr' id='par_1_2' title="bbox 252 681 2066 3288">
     <span class='ocr_line' id='line_1_2' title="bbox 288 681 2063 810; baseline 0.006 -34"><span class='ocrx_word' id='word_1_5' title='bbox 288 681 484 778; x_wconf 66' lang='lat' dir='ltr'>scilicetE</span> <span class='ocrx_word' id='word_1_6' title='bbox 503 715 638 799; x_wconf 81' lang='lat' dir='ltr'>guare.</span> <span class='ocrx_word' id='word_1_7' title='bbox 660 696 775 780; x_wconf 79' lang='lat' dir='ltr'>mlxta</span> <span class='ocrx_word' id='word_1_8' title='bbox 796 708 919 810; x_wconf 81' lang='lat' dir='ltr'>antem</span> <span class='ocrx_word' id='word_1_9' title='bbox 944 694 1044 788; x_wconf 87' lang='lat' dir='ltr'>duo,</span> <span class='ocrx_word' id='word_1_10' title='bbox 1074 693 1139 778; x_wconf 89' lang='lat' dir='ltr'>sci·</span> <span class='ocrx_word' id='word_1_11' title='bbox 1179 693 1288 777; x_wconf 89' lang='lat' dir='ltr'>duale</span> <span class='ocrx_word' id='word_1_12' title='bbox 1308 698 1489 801; x_wconf 90' lang='lat' dir='ltr'>incipiunt</span> <span class='ocrx_word' id='word_1_13' title='bbox 1514 700 1551 779; x_wconf 92' lang='lat' dir='ltr'>in</span> <span class='ocrx_word' id='word_1_14' title='bbox 1576 697 1616 782; x_wconf 86' lang='lat' dir='ltr'>F.</span> <span class='ocrx_word' id='word_1_15' title='bbox 1637 703 1758 803; x_wconf 81' lang='lat' dir='ltr'>grani.</span> <span class='ocrx_word' id='word_1_16' title='bbox 1779 701 1819 785; x_wconf 74' lang='lat' dir='ltr'>a</span> <span class='ocrx_word' id='word_1_17' title='bbox 1841 715 2024 804; x_wconf 86' lang='lat' dir='ltr'>tunc-ter-</span> <span class='ocrx_word' id='word_1_18' title='bbox 2057 731 2063 737; x_wconf 90' lang='lat'><strong>·</strong></span> 
     </span>
     <span class='ocr_line' id='line_1_3' title="bbox 252 807 2037 924; baseline 0.009 -38"><span class='ocrx_word' id='word_1_19' title='bbox 252 832 255 838; x_wconf 93' lang='lat'>·</span> <span class='ocrx_word' id='word_1_20' title='bbox 290 807 378 888; x_wconf 86' lang='lat' dir='ltr'>licet</span> <span class='ocrx_word' id='word_1_21' title='bbox 406 808 440 889; x_wconf 79' lang='lat' dir='ltr'>A</span> <span class='ocrx_word' id='word_1_22' title='bbox 470 811 508 890; x_wconf 82' lang='lat' dir='ltr'>da</span> <span class='ocrx_word' id='word_1_23' title='bbox 540 807 570 892; x_wconf 82' lang='lat' dir='ltr'>li</span> <span class='ocrx_word' id='word_1_24' title='bbox 597 833 719 913; x_wconf 78' lang='lat' dir='ltr'>grave</span> <span class='ocrx_word' id='word_1_25' title='bbox 769 808 949 916; x_wconf 74' lang='lat' dir='ltr'>incipitur</span> <span class='ocrx_word' id='word_1_26' title='bbox 977 831 1137 920; x_wconf 80' lang='lat' dir='ltr'>uanaque</span> <span class='ocrx_word' id='word_1_27' title='bbox 1171 812 1340 890; x_wconf 56' lang='lat' dir='ltr'>&lt;minatur</span> <span class='ocrx_word' id='word_1_28' title='bbox 1354 808 1583 892; x_wconf 83' lang='lat' dir='ltr'>iu&#39;confinali</span> <span class='ocrx_word' id='word_1_29' title='bbox 1598 818 1717 916; x_wconf 84' lang='lat' dir='ltr'>primi</span> <span class='ocrx_word' id='word_1_30' title='bbox 1748 814 1794 897; x_wconf 85' lang='lat' dir='ltr'>Et</span> <span class='ocrx_word' id='word_1_31' title='bbox 1808 813 1924 909; x_wconf 84' lang='lat' dir='ltr'>ratio,</span> <span class='ocrx_word' id='word_1_32' title='bbox 1942 841 2037 924; x_wconf 75' lang='lat' dir='ltr'>quc.</span> 
     </span>
     <span class='ocr_line' id='line_1_4' title="bbox 284 915 2023 1034; baseline 0.009 -36"><span class='ocrx_word' id='word_1_33' title='bbox 284 920 582 1025; x_wconf 76' lang='lat' dir='ltr'>·primnctunur</span> <span class='ocrx_word' id='word_1_34' title='bbox 608 925 646 1004; x_wconf 91' lang='lat' dir='ltr'>in</span> <span class='ocrx_word' id='word_1_35' title='bbox 675 921 720 1004; x_wconf 78' lang='grc' dir='ltr'>Δ.</span> <span class='ocrx_word' id='word_1_36' title='bbox 738 926 867 1026; x_wconf 84' lang='lat' dir='ltr'>gravi,</span> <span class='ocrx_word' id='word_1_37' title='bbox 898 937 941 1005; x_wconf 87' lang='lat' dir='ltr'>ut</span> <span class='ocrx_word' id='word_1_38' title='bbox 973 922 1137 1026; x_wconf 81' lang='lat' dir='ltr'>pradici-</span> <span class='ocrx_word' id='word_1_39' title='bbox 1177 937 1305 1009; x_wconf 78' lang='lat' dir='ltr'>nannet</span> <span class='ocrx_word' id='word_1_40' title='bbox 1322 922 1435 1026; x_wconf 85' lang='lat' dir='ltr'>ipsos,</span> <span class='ocrx_word' id='word_1_41' title='bbox 1457 922 1535 1005; x_wconf 87' lang='lat' dir='ltr'>haec</span> <span class='ocrx_word' id='word_1_42' title='bbox 1552 926 1622 1021; x_wconf 83' lang='lat' dir='ltr'>esi3</span> <span class='ocrx_word' id='word_1_43' title='bbox 1646 926 1774 1008; x_wconf 87' lang='lat' dir='ltr'>dicunt</span> <span class='ocrx_word' id='word_1_44' title='bbox 1786 932 1898 1021; x_wconf 85' lang='lat' dir='ltr'>enirn,</span> <span class='ocrx_word' id='word_1_45' title='bbox 1917 915 2023 1034; x_wconf 88' lang='lat' dir='ltr'>quod</span> 
     </span>
     <span class='ocr_line' id='line_1_5' title="bbox 290 1031 2020 1145; baseline 0.006 -31"><span class='ocrx_word' id='word_1_46' title='bbox 290 1045 371 1123; x_wconf 86' lang='lat' dir='ltr'>tur.</span> <span class='ocrx_word' id='word_1_47' title='bbox 397 1035 535 1124; x_wconf 78' lang='lat' dir='ltr'>mixte.</span> <span class='ocrx_word' id='word_1_48' title='bbox 554 1047 598 1116; x_wconf 89' lang='lat' dir='ltr'>ut</span> <span class='ocrx_word' id='word_1_49' title='bbox 614 1033 804 1139; x_wconf 80' lang='lat' dir='ltr'>graduale:</span> <span class='ocrx_word' id='word_1_50' title='bbox 823 1031 1004 1136; x_wconf 76' lang='lat' dir='ltr'>gloriosus</span> <span class='ocrx_word' id='word_1_51' title='bbox 1020 1031 1132 1138; x_wconf 80' lang='lat' dir='ltr'>Deus.</span> <span class='ocrx_word' id='word_1_52' title='bbox 1176 1034 1336 1138; x_wconf 80' lang='lat' dir='ltr'>incipere</span> <span class='ocrx_word' id='word_1_53' title='bbox 1354 1036 1480 1143; x_wconf 17' lang='lat' dir='ltr'>ipsum!</span> <span class='ocrx_word' id='word_1_54' title='bbox 1492 1061 1557 1139; x_wconf 86' lang='lat' dir='ltr'>per</span> <span class='ocrx_word' id='word_1_55' title='bbox 1572 1037 1846 1145; x_wconf 77' lang='lat' dir='ltr'>dispositionem</span> <span class='ocrx_word' id='word_1_56' title='bbox 1867 1057 2020 1125; x_wconf 87' lang='lat' dir='ltr'>tuornur</span> 
     </span>
     <span class='ocr_line' id='line_1_6' title="bbox 288 1142 2022 1256; baseline 0.007 -32"><span class='ocrx_word' id='word_1_57' title='bbox 288 1145 395 1226; x_wconf 81' lang='lat' dir='ltr'>cuiue</span> <span class='ocrx_word' id='word_1_58' title='bbox 415 1144 537 1227; x_wconf 78' lang='lat' dir='ltr'>uersus</span> <span class='ocrx_word' id='word_1_59' title='bbox 557 1146 629 1228; x_wconf 89' lang='lat' dir='ltr'>est:</span> <span class='ocrx_word' id='word_1_60' title='bbox 655 1147 807 1230; x_wconf 73' lang='lat' dir='ltr'>unna</span> <span class='ocrx_word' id='word_1_61' title='bbox 828 1158 892 1226; x_wconf 82' lang='lat' dir='ltr'>tun</span> <span class='ocrx_word' id='word_1_62' title='bbox 910 1145 1074 1226; x_wconf 84' lang='lat' dir='ltr'><em>Domine.</em></span> <span class='ocrx_word' id='word_1_63' title='bbox 1092 1201 1130 1226; x_wconf 91' lang='lat'>..</span> <span class='ocrx_word' id='word_1_64' title='bbox 1175 1147 1667 1252; x_wconf 84' lang='lat' dir='ltr'>tonorumsubseqneutiunr</span> <span class='ocrx_word' id='word_1_65' title='bbox 1684 1153 1734 1231; x_wconf 82' lang='lat' dir='ltr'>eil</span> <span class='ocrx_word' id='word_1_66' title='bbox 1752 1156 1866 1256; x_wconf 85' lang='lat' dir='ltr'>magia</span> <span class='ocrx_word' id='word_1_67' title='bbox 1885 1142 2022 1237; x_wconf 87' lang='lat' dir='ltr'>consu.-</span> 
     </span>
     <span class='ocr_line' id='line_1_7' title="bbox 288 1254 2021 1367; baseline 0.008 -29"><span class='ocrx_word' id='word_1_68' title='bbox 288 1254 359 1338; x_wconf 86' lang='lat' dir='ltr'>Sed</span> <span class='ocrx_word' id='word_1_69' title='bbox 376 1256 506 1362; x_wconf 78' lang='lat' dir='ltr'>potes}</span> <span class='ocrx_word' id='word_1_70' title='bbox 534 1256 663 1364; x_wconf 85' lang='lat' dir='ltr'>aliquia</span> <span class='ocrx_word' id='word_1_71' title='bbox 690 1259 834 1341; x_wconf 78' lang='lat' dir='ltr'>diceret</span> <span class='ocrx_word' id='word_1_72' title='bbox 863 1283 975 1363; x_wconf 86' lang='lat' dir='ltr'>quare</span> <span class='ocrx_word' id='word_1_73' title='bbox 1000 1259 1135 1362; x_wconf 86' lang='lat' dir='ltr'>gradu·</span> <span class='ocrx_word' id='word_1_74' title='bbox 1173 1259 1435 1350; x_wconf 84' lang='lat' dir='ltr'>nanuanditui,</span> <span class='ocrx_word' id='word_1_75' title='bbox 1452 1262 1490 1356; x_wconf 69' lang='grc' dir='ltr'>δι</span> <span class='ocrx_word' id='word_1_76' title='bbox 1505 1263 1607 1366; x_wconf 90' lang='lat' dir='ltr'>quod</span> <span class='ocrx_word' id='word_1_77' title='bbox 1624 1264 1675 1343; x_wconf 86' lang='lat' dir='ltr'>esi</span> <span class='ocrx_word' id='word_1_78' title='bbox 1693 1268 1808 1367; x_wconf 82' lang='lat' dir='ltr'>magle</span> <span class='ocrx_word' id='word_1_79' title='bbox 1824 1267 2021 1351; x_wconf 81' lang='lat' dir='ltr'>conforme</span> 
     </span>
     <span class='ocr_line' id='line_1_8' title="bbox 286 1368 2066 1477; baseline 0.006 -27"><span class='ocrx_word' id='word_1_80' title='bbox 286 1368 342 1450; x_wconf 85' lang='lat' dir='ltr'>alc</span> <span class='ocrx_word' id='word_1_81' title='bbox 377 1371 470 1452; x_wconf 86' lang='lat' dir='ltr'>iliud</span> <span class='ocrx_word' id='word_1_82' title='bbox 510 1388 663 1476; x_wconf 84' lang='lat' dir='ltr'>propter</span> <span class='ocrx_word' id='word_1_83' title='bbox 697 1377 773 1454; x_wconf 86' lang='lat' dir='ltr'>einr</span> <span class='ocrx_word' id='word_1_84' title='bbox 788 1405 791 1411; x_wconf 92' lang='lat'>·</span> <span class='ocrx_word' id='word_1_85' title='bbox 804 1371 1013 1454; x_wconf 82' lang='lat' dir='ltr'>descensum</span> <span class='ocrx_word' id='word_1_86' title='bbox 1052 1395 1133 1454; x_wconf 93' lang='lat' dir='ltr'>non</span> <span class='ocrx_word' id='word_1_87' title='bbox 1174 1392 1313 1454; x_wconf 80' lang='lat' dir='ltr'>nature</span> <span class='ocrx_word' id='word_1_88' title='bbox 1340 1373 1500 1476; x_wconf 85' lang='lat' dir='ltr'>prolatio</span> <span class='ocrx_word' id='word_1_89' title='bbox 1529 1374 1690 1477; x_wconf 87' lang='lat' dir='ltr'>ipsorum</span> <span class='ocrx_word' id='word_1_90' title='bbox 1719 1378 1880 1460; x_wconf 83' lang='lat' dir='ltr'>duorum</span> <span class='ocrx_word' id='word_1_91' title='bbox 1907 1403 2020 1462; x_wconf 88' lang='lat' dir='ltr'>tono·</span> <span class='ocrx_word' id='word_1_92' title='bbox 2061 1429 2066 1440; x_wconf 83' lang='lat'><strong>·</strong></span> 
     </span>
     <span class='ocr_line' id='line_1_9' title="bbox 285 1481 2020 1596; baseline 0.006 -34"><span class='ocrx_word' id='word_1_93' title='bbox 285 1481 466 1566; x_wconf 86' lang='lat' dir='ltr'>indicatur</span> <span class='ocrx_word' id='word_1_94' title='bbox 503 1484 741 1569; x_wconf 81' lang='lat' dir='ltr'>desecando</span> <span class='ocrx_word' id='word_1_95' title='bbox 781 1498 896 1578; x_wconf 86' lang='lat' dir='ltr'>tuno,</span> <span class='ocrx_word' id='word_1_96' title='bbox 941 1486 978 1565; x_wconf 82' lang='lat' dir='ltr'>dc</span> <span class='ocrx_word' id='word_1_97' title='bbox 1012 1484 1133 1567; x_wconf 83' lang='lat' dir='ltr'>versun</span> <span class='ocrx_word' id='word_1_98' title='bbox 1175 1508 1283 1566; x_wconf 88' lang='lat' dir='ltr'>rum:</span> <span class='ocrx_word' id='word_1_99' title='bbox 1314 1489 1490 1589; x_wconf 86' lang='lat' dir='ltr'>quoniam</span> <span class='ocrx_word' id='word_1_100' title='bbox 1519 1487 1675 1590; x_wconf 88' lang='lat' dir='ltr'>prolatio</span> <span class='ocrx_word' id='word_1_101' title='bbox 1704 1488 1906 1581; x_wconf 85' lang='lat' dir='ltr'>semitonii,</span> <span class='ocrx_word' id='word_1_102' title='bbox 1924 1493 2020 1596; x_wconf 77' lang='lat' dir='ltr'>&#39;quae</span> 
     </span>
     <span class='ocr_line' id='line_1_10' title="bbox 286 1593 2019 1705; baseline 0.005 -29"><span class='ocrx_word' id='word_1_103' title='bbox 286 1597 363 1680; x_wconf 86' lang='lat' dir='ltr'>eiua</span> <span class='ocrx_word' id='word_1_104' title='bbox 396 1613 550 1702; x_wconf 90' lang='lat' dir='ltr'>propter</span> <span class='ocrx_word' id='word_1_105' title='bbox 579 1595 764 1682; x_wconf 66' lang='lat' dir='ltr'>ascmsunr</span> <span class='ocrx_word' id='word_1_106' title='bbox 793 1597 839 1682; x_wconf 88' lang='lat' dir='ltr'>de</span> <span class='ocrx_word' id='word_1_107' title='bbox 867 1598 1016 1705; x_wconf 81' lang='lat' dir='ltr'>primos</span> <span class='ocrx_word' id='word_1_108' title='bbox 1056 1593 1135 1680; x_wconf 74' lang='lat' dir='ltr'>ne.</span> <span class='ocrx_word' id='word_1_109' title='bbox 1174 1597 1307 1700; x_wconf 87' lang='lat' dir='ltr'>surgit,</span> <span class='ocrx_word' id='word_1_110' title='bbox 1331 1621 1410 1677; x_wconf 90' lang='lat' dir='ltr'>non</span> <span class='ocrx_word' id='word_1_111' title='bbox 1434 1623 1473 1677; x_wconf 82' lang='lat' dir='ltr'>ru</span> <span class='ocrx_word' id='word_1_112' title='bbox 1496 1597 1593 1680; x_wconf 84' lang='lat' dir='ltr'>finalr</span> <span class='ocrx_word' id='word_1_113' title='bbox 1615 1624 1765 1704; x_wconf 78' lang='lat' dir='ltr'>proptu</span> <span class='ocrx_word' id='word_1_114' title='bbox 1786 1616 2019 1698; x_wconf 71' lang='lat' dir='ltr'>terminatur,</span> 
     </span>
     <span class='ocr_line' id='line_1_11' title="bbox 284 1707 2019 1818; baseline 0.006 -32"><span class='ocrx_word' id='word_1_115' title='bbox 284 1707 530 1814; x_wconf 80' lang='lat' dir='ltr'>spondemus,</span> <span class='ocrx_word' id='word_1_116' title='bbox 559 1709 664 1816; x_wconf 91' lang='lat' dir='ltr'>quod</span> <span class='ocrx_word' id='word_1_117' title='bbox 691 1711 863 1816; x_wconf 79' lang='lat' dir='ltr'>graduale</span> <span class='ocrx_word' id='word_1_118' title='bbox 892 1714 930 1792; x_wconf 81' lang='lat' dir='ltr'>da</span> <span class='ocrx_word' id='word_1_119' title='bbox 959 1716 1035 1794; x_wconf 83' lang='lat' dir='ltr'>eina</span> <span class='ocrx_word' id='word_1_120' title='bbox 1054 1736 1135 1793; x_wconf 77' lang='lat' dir='ltr'>ver·</span> <span class='ocrx_word' id='word_1_121' title='bbox 1173 1724 1216 1792; x_wconf 91' lang='lat' dir='ltr'>ut</span> <span class='ocrx_word' id='word_1_122' title='bbox 1235 1711 1297 1790; x_wconf 91' lang='lat' dir='ltr'>hic</span> <span class='ocrx_word' id='word_1_123' title='bbox 1317 1713 1355 1790; x_wconf 90' lang='lat' dir='ltr'>iu</span> <span class='ocrx_word' id='word_1_124' title='bbox 1377 1712 1556 1792; x_wconf 77' lang='lat' dir='ltr'>ambobus</span> <span class='ocrx_word' id='word_1_125' title='bbox 1575 1716 1762 1818; x_wconf 79' lang='lat' dir='ltr'>principiis</span> <span class='ocrx_word' id='word_1_126' title='bbox 1780 1722 1888 1818; x_wconf 83' lang='lat' dir='ltr'>patet</span> <span class='ocrx_word' id='word_1_127' title='bbox 1920 1715 2019 1814; x_wconf 66' lang='lat' dir='ltr'>Qua</span> 
     </span>
     <span class='ocr_line' id='line_1_12' title="bbox 285 1819 2018 1932; baseline 0.005 -32"><span class='ocrx_word' id='word_1_128' title='bbox 285 1819 342 1904; x_wconf 84' lang='lat' dir='ltr'>suo</span> <span class='ocrx_word' id='word_1_129' title='bbox 375 1847 448 1906; x_wconf 92' lang='lat' dir='ltr'>una</span> <span class='ocrx_word' id='word_1_130' title='bbox 486 1824 526 1904; x_wconf 78' lang='lat' dir='ltr'>ia</span> <span class='ocrx_word' id='word_1_131' title='bbox 562 1823 688 1912; x_wconf 88' lang='lat' dir='ltr'>eadcrn</span> <span class='ocrx_word' id='word_1_132' title='bbox 720 1823 979 1932; x_wconf 82' lang='lat' dir='ltr'>consequentia</span> <span class='ocrx_word' id='word_1_133' title='bbox 1003 1838 1134 1909; x_wconf 82' lang='lat' dir='ltr'>cantur</span> <span class='ocrx_word' id='word_1_134' title='bbox 1172 1824 1242 1904; x_wconf 88' lang='lat' dir='ltr'>bua</span> <span class='ocrx_word' id='word_1_135' title='bbox 1262 1821 1311 1903; x_wconf 88' lang='lat' dir='ltr'>sic</span> <span class='ocrx_word' id='word_1_136' title='bbox 1329 1822 1617 1927; x_wconf 82' lang='lat' dir='ltr'>respondemur:</span> <span class='ocrx_word' id='word_1_137' title='bbox 1647 1825 1694 1906; x_wconf 88' lang='lat' dir='ltr'>de</span> <span class='ocrx_word' id='word_1_138' title='bbox 1715 1827 1860 1909; x_wconf 86' lang='lat' dir='ltr'>duobus</span> <span class='ocrx_word' id='word_1_139' title='bbox 1885 1831 2018 1910; x_wconf 84' lang='lat' dir='ltr'>iucun-</span> 
     </span>
     <span class='ocr_line' id='line_1_13' title="bbox 285 1933 2018 2047; baseline 0.004 -34"><span class='ocrx_word' id='word_1_140' title='bbox 285 1933 358 2014; x_wconf 85' lang='lat' dir='ltr'>ell:</span> <span class='ocrx_word' id='word_1_141' title='bbox 388 1959 474 2017; x_wconf 80' lang='lat' dir='ltr'>naua</span> <span class='ocrx_word' id='word_1_142' title='bbox 500 1935 628 2020; x_wconf 86' lang='lat' dir='ltr'>habito</span> <span class='ocrx_word' id='word_1_143' title='bbox 656 1944 811 2046; x_wconf 85' lang='lat' dir='ltr'>propriu</span> <span class='ocrx_word' id='word_1_144' title='bbox 837 1937 909 2020; x_wconf 88' lang='lat' dir='ltr'>fine</span> <span class='ocrx_word' id='word_1_145' title='bbox 935 1937 1129 2042; x_wconf 81' lang='lat' dir='ltr'>gradualia,</span> <span class='ocrx_word' id='word_1_146' title='bbox 1171 1937 1400 2047; x_wconf 82' lang='lat' dir='ltr'>venientibus</span> <span class='ocrx_word' id='word_1_147' title='bbox 1429 1934 1624 2018; x_wconf 81' lang='lat' dir='ltr'>uccellano</span> <span class='ocrx_word' id='word_1_148' title='bbox 1654 1938 1866 2026; x_wconf 78' lang='lat' dir='ltr'>cadentibus</span> <span class='ocrx_word' id='word_1_149' title='bbox 1892 1943 1931 2020; x_wconf 89' lang='lat' dir='ltr'>iu</span> <span class='ocrx_word' id='word_1_150' title='bbox 1953 1941 2018 2021; x_wconf 88' lang='lat' dir='ltr'>ali·</span> 
     </span>
     <span class='ocr_line' id='line_1_14' title="bbox 285 2044 2018 2156; baseline 0.002 -27"><span class='ocrx_word' id='word_1_151' title='bbox 285 2044 595 2156; x_wconf 77' lang='lat' dir='ltr'>consideratisque</span> <span class='ocrx_word' id='word_1_152' title='bbox 622 2049 765 2133; x_wconf 86' lang='lat' dir='ltr'>ascensu</span> <span class='ocrx_word' id='word_1_153' title='bbox 793 2053 830 2132; x_wconf 76' lang='lat' dir='ltr'>ta</span> <span class='ocrx_word' id='word_1_154' title='bbox 859 2050 1027 2134; x_wconf 87' lang='lat' dir='ltr'>descensu</span> <span class='ocrx_word' id='word_1_155' title='bbox 1053 2053 1130 2134; x_wconf 86' lang='lat' dir='ltr'>eiua</span> <span class='ocrx_word' id='word_1_156' title='bbox 1172 2073 1251 2155; x_wconf 90' lang='lat' dir='ltr'>quo</span> <span class='ocrx_word' id='word_1_157' title='bbox 1273 2063 1409 2138; x_wconf 85' lang='lat' dir='ltr'>cautu,</span> <span class='ocrx_word' id='word_1_158' title='bbox 1429 2049 1578 2151; x_wconf 87' lang='lat' dir='ltr'>semper</span> <span class='ocrx_word' id='word_1_159' title='bbox 1603 2052 1785 2154; x_wconf 84' lang='lat' dir='ltr'>quodesl</span> <span class='ocrx_word' id='word_1_160' title='bbox 1809 2055 1931 2134; x_wconf 77' lang='lat' dir='ltr'>minue</span> <span class='ocrx_word' id='word_1_161' title='bbox 1953 2054 2018 2133; x_wconf 87' lang='lat' dir='ltr'>eli·</span> 
     </span>
     <span class='ocr_line' id='line_1_15' title="bbox 283 2157 2018 2270; baseline 0.003 -30"><span class='ocrx_word' id='word_1_162' title='bbox 283 2157 323 2240; x_wconf 83' lang='lat' dir='ltr'>dt</span> <span class='ocrx_word' id='word_1_163' title='bbox 356 2161 497 2257; x_wconf 81' lang='lat' dir='ltr'>versun,</span> <span class='ocrx_word' id='word_1_164' title='bbox 529 2160 725 2248; x_wconf 80' lang='lat' dir='ltr'>necessario</span> <span class='ocrx_word' id='word_1_165' title='bbox 752 2165 916 2270; x_wconf 84' lang='lat' dir='ltr'>ipsorum</span> <span class='ocrx_word' id='word_1_166' title='bbox 944 2161 1129 2268; x_wconf 76' lang='lat' dir='ltr'>speciebus</span> <span class='ocrx_word' id='word_1_167' title='bbox 1169 2161 1335 2263; x_wconf 85' lang='lat' dir='ltr'>gendum</span> <span class='ocrx_word' id='word_1_168' title='bbox 1361 2161 1435 2241; x_wconf 87' lang='lat' dir='ltr'>est:</span> <span class='ocrx_word' id='word_1_169' title='bbox 1465 2157 1525 2240; x_wconf 89' lang='lat' dir='ltr'>sed</span> <span class='ocrx_word' id='word_1_170' title='bbox 1552 2164 1713 2266; x_wconf 85' lang='lat' dir='ltr'>incipere</span> <span class='ocrx_word' id='word_1_171' title='bbox 1740 2163 1813 2244; x_wconf 89' lang='lat' dir='ltr'>huc</span> <span class='ocrx_word' id='word_1_172' title='bbox 1841 2165 2018 2266; x_wconf 84' lang='lat' dir='ltr'>graduale</span> 
     </span>
     <span class='ocr_line' id='line_1_16' title="bbox 281 2263 2017 2380; baseline 0.004 -28"><span class='ocrx_word' id='word_1_173' title='bbox 281 2269 392 2371; x_wconf 81' lang='lat' dir='ltr'>adue</span> <span class='ocrx_word' id='word_1_174' title='bbox 405 2277 560 2380; x_wconf 86' lang='lat' dir='ltr'>proprio</span> <span class='ocrx_word' id='word_1_175' title='bbox 576 2275 782 2380; x_wconf 84' lang='lat' dir='ltr'>gradualia,</span> <span class='ocrx_word' id='word_1_176' title='bbox 809 2275 985 2359; x_wconf 78' lang='lat' dir='ltr'>debemur</span> <span class='ocrx_word' id='word_1_177' title='bbox 1010 2273 1128 2380; x_wconf 82' lang='lat' dir='ltr'>lpsnnn</span> <span class='ocrx_word' id='word_1_178' title='bbox 1169 2271 1208 2352; x_wconf 90' lang='lat' dir='ltr'>in</span> <span class='ocrx_word' id='word_1_179' title='bbox 1232 2271 1261 2354; x_wconf 89' lang='lat' dir='ltr'>B</span> <span class='ocrx_word' id='word_1_180' title='bbox 1283 2274 1385 2375; x_wconf 71' lang='lat' dir='ltr'>grani</span> <span class='ocrx_word' id='word_1_181' title='bbox 1408 2297 1494 2353; x_wconf 83' lang='lat' dir='ltr'>cuna</span> <span class='ocrx_word' id='word_1_182' title='bbox 1516 2273 1707 2356; x_wconf 87' lang='lat' dir='ltr'>additione</span> <span class='ocrx_word' id='word_1_183' title='bbox 1731 2263 1943 2367; x_wconf 76' lang='lat' dir='ltr'>ductandi,</span> <span class='ocrx_word' id='word_1_184' title='bbox 1964 2277 2017 2359; x_wconf 82' lang='lat' dir='ltr'>eil</span> 
     </span>
     <span class='ocr_line' id='line_1_17' title="bbox 282 2383 2016 2492; baseline 0.001 -25"><span class='ocrx_word' id='word_1_185' title='bbox 282 2385 322 2467; x_wconf 79' lang='lat' dir='ltr'>da</span> <span class='ocrx_word' id='word_1_186' title='bbox 348 2388 427 2469; x_wconf 83' lang='lat' dir='ltr'>eiua</span> <span class='ocrx_word' id='word_1_187' title='bbox 451 2387 594 2468; x_wconf 82' lang='lat' dir='ltr'>versum</span> <span class='ocrx_word' id='word_1_188' title='bbox 619 2390 806 2472; x_wconf 82' lang='lat' dir='ltr'>contrarie</span> <span class='ocrx_word' id='word_1_189' title='bbox 833 2389 1001 2471; x_wconf 88' lang='lat' dir='ltr'>iudicare.</span> <span class='ocrx_word' id='word_1_190' title='bbox 1021 2445 1031 2468; x_wconf 87' lang='lat'><strong>.</strong></span> <span class='ocrx_word' id='word_1_191' title='bbox 1052 2444 1062 2466; x_wconf 91' lang='lat'><strong>.</strong></span> <span class='ocrx_word' id='word_1_192' title='bbox 1082 2383 1128 2469; x_wconf 80' lang='lat' dir='ltr'>Et</span> <span class='ocrx_word' id='word_1_193' title='bbox 1169 2388 1291 2465; x_wconf 83' lang='lat' dir='ltr'>minna</span> <span class='ocrx_word' id='word_1_194' title='bbox 1318 2388 1607 2476; x_wconf 76' lang='lat' dir='ltr'>inconveniens.</span> <span class='ocrx_word' id='word_1_195' title='bbox 1639 2411 1749 2492; x_wconf 87' lang='lat' dir='ltr'>quarn</span> <span class='ocrx_word' id='word_1_196' title='bbox 1778 2388 1895 2492; x_wconf 88' lang='lat' dir='ltr'>ipsum</span> <span class='ocrx_word' id='word_1_197' title='bbox 1924 2391 2016 2469; x_wconf 88' lang='lat' dir='ltr'>inci·</span> 
     </span>
     <span class='ocr_line' id='line_1_18' title="bbox 281 2491 2016 2613; baseline 0.003 -36"><span class='ocrx_word' id='word_1_198' title='bbox 281 2497 381 2582; x_wconf 84' lang='lat' dir='ltr'>ideua</span> <span class='ocrx_word' id='word_1_199' title='bbox 417 2499 574 2596; x_wconf 78' lang='lat' dir='ltr'>dicimur</span> <span class='ocrx_word' id='word_1_200' title='bbox 613 2499 661 2583; x_wconf 88' lang='lat' dir='ltr'>de</span> <span class='ocrx_word' id='word_1_201' title='bbox 695 2499 949 2606; x_wconf 87' lang='lat' dir='ltr'>Respousoriia</span> <span class='ocrx_word' id='word_1_202' title='bbox 979 2499 1127 2582; x_wconf 76' lang='lat' dir='ltr'>nudor·</span> <span class='ocrx_word' id='word_1_203' title='bbox 1168 2521 1257 2601; x_wconf 84' lang='lat' dir='ltr'>pere</span> <span class='ocrx_word' id='word_1_204' title='bbox 1278 2499 1315 2578; x_wconf 88' lang='lat' dir='ltr'>lu</span> <span class='ocrx_word' id='word_1_205' title='bbox 1337 2494 1376 2578; x_wconf 83' lang='lat' dir='ltr'>F.</span> <span class='ocrx_word' id='word_1_206' title='bbox 1397 2500 1522 2613; x_wconf 45' lang='lat' dir='ltr'>grati3,</span> <span class='ocrx_word' id='word_1_207' title='bbox 1549 2491 1641 2600; x_wconf 81' lang='lat' dir='ltr'>er&#39;go</span> <span class='ocrx_word' id='word_1_208' title='bbox 1667 2500 1737 2581; x_wconf 85' lang='lat' dir='ltr'>&amp;c</span> <span class='ocrx_word' id='word_1_209' title='bbox 1778 2499 1817 2581; x_wconf 88' lang='lat' dir='ltr'>Si</span> <span class='ocrx_word' id='word_1_210' title='bbox 1839 2505 1937 2581; x_wconf 87' lang='lat' dir='ltr'>euim</span> <span class='ocrx_word' id='word_1_211' title='bbox 1958 2503 2016 2582; x_wconf 87' lang='lat' dir='ltr'>in·</span> 
     </span>
     <span class='ocr_line' id='line_1_19' title="bbox 281 2611 2017 2721; baseline 0.002 -31"><span class='ocrx_word' id='word_1_212' title='bbox 281 2613 338 2691; x_wconf 88' lang='lat' dir='ltr'>nir</span> <span class='ocrx_word' id='word_1_213' title='bbox 362 2633 448 2694; x_wconf 88' lang='lat' dir='ltr'>cum</span> <span class='ocrx_word' id='word_1_214' title='bbox 472 2636 602 2694; x_wconf 83' lang='lat' dir='ltr'>eorum</span> <span class='ocrx_word' id='word_1_215' title='bbox 628 2611 807 2706; x_wconf 75' lang='lat' dir='ltr'>versibus.</span> <span class='ocrx_word' id='word_1_216' title='bbox 826 2629 937 2721; x_wconf 88' lang='lat' dir='ltr'>atque</span> <span class='ocrx_word' id='word_1_217' title='bbox 959 2611 1006 2694; x_wconf 90' lang='lat' dir='ltr'>de</span> <span class='ocrx_word' id='word_1_218' title='bbox 1031 2636 1126 2716; x_wconf 92' lang='lat' dir='ltr'>quo·</span> <span class='ocrx_word' id='word_1_219' title='bbox 1167 2613 1302 2713; x_wconf 86' lang='lat' dir='ltr'>cipitur</span> <span class='ocrx_word' id='word_1_220' title='bbox 1324 2613 1363 2688; x_wconf 89' lang='lat' dir='ltr'>in</span> <span class='ocrx_word' id='word_1_221' title='bbox 1391 2616 1412 2713; x_wconf 71' lang='lat' dir='ltr'>q</span> <span class='ocrx_word' id='word_1_222' title='bbox 1440 2611 1656 2710; x_wconf 70' lang='lat' dir='ltr'>gravinum</span> <span class='ocrx_word' id='word_1_223' title='bbox 1688 2611 1875 2694; x_wconf 87' lang='lat' dir='ltr'>additione</span> <span class='ocrx_word' id='word_1_224' title='bbox 1902 2611 1926 2692; x_wconf 84' lang='lat' dir='ltr'>o</span> <span class='ocrx_word' id='word_1_225' title='bbox 1954 2637 2017 2694; x_wconf 89' lang='lat' dir='ltr'>ro·</span> 
     </span>
     <span class='ocr_line' id='line_1_20' title="bbox 280 2720 2016 2814; baseline 0.001 -11"><span class='ocrx_word' id='word_1_226' title='bbox 280 2721 371 2805; x_wconf 86' lang='lat' dir='ltr'>libet</span> <span class='ocrx_word' id='word_1_227' title='bbox 398 2722 831 2808; x_wconf 65' lang='lat' dir='ltr'>imminuerentur.</span> <span class='ocrx_word' id='word_1_228' title='bbox 1167 2721 1298 2812; x_wconf 85' lang='lat' dir='ltr'>tundi,</span> <span class='ocrx_word' id='word_1_229' title='bbox 1331 2720 1410 2801; x_wconf 82' lang='lat' dir='ltr'>talia</span> <span class='ocrx_word' id='word_1_230' title='bbox 1439 2721 1580 2802; x_wconf 88' lang='lat' dir='ltr'>additio</span> <span class='ocrx_word' id='word_1_231' title='bbox 1612 2725 1819 2804; x_wconf 87' lang='lat' dir='ltr'>naturaliter</span> <span class='ocrx_word' id='word_1_232' title='bbox 1851 2748 1930 2814; x_wconf 86' lang='lat' dir='ltr'>non</span> <span class='ocrx_word' id='word_1_233' title='bbox 1964 2725 2016 2806; x_wconf 84' lang='lat' dir='ltr'>esi</span> 
     </span>
     <span class='ocr_line' id='line_1_21' title="bbox 337 2832 2014 2942; baseline -0.002 -23"><span class='ocrx_word' id='word_1_234' title='bbox 337 2835 380 2919; x_wconf 90' lang='lat' dir='ltr'>lu</span> <span class='ocrx_word' id='word_1_235' title='bbox 403 2833 432 2919; x_wconf 91' lang='lat' dir='ltr'>B</span> <span class='ocrx_word' id='word_1_236' title='bbox 455 2840 557 2942; x_wconf 83' lang='lat' dir='ltr'>gravi</span> <span class='ocrx_word' id='word_1_237' title='bbox 584 2841 622 2919; x_wconf 81' lang='lat' dir='ltr'>dc</span> <span class='ocrx_word' id='word_1_238' title='bbox 650 2839 784 2920; x_wconf 86' lang='lat' dir='ltr'>iterum</span> <span class='ocrx_word' id='word_1_239' title='bbox 810 2840 927 2918; x_wconf 85' lang='lat' dir='ltr'>mixte</span> <span class='ocrx_word' id='word_1_240' title='bbox 950 2835 1126 2939; x_wconf 86' lang='lat' dir='ltr'>incipitur</span> <span class='ocrx_word' id='word_1_241' title='bbox 1167 2834 1238 2924; x_wconf 86' lang='lat' dir='ltr'>ibi,</span> <span class='ocrx_word' id='word_1_242' title='bbox 1258 2832 1322 2912; x_wconf 93' lang='lat' dir='ltr'>sed</span> <span class='ocrx_word' id='word_1_243' title='bbox 1345 2833 1507 2930; x_wconf 85' lang='lat' dir='ltr'>melioria</span> <span class='ocrx_word' id='word_1_244' title='bbox 1527 2833 1734 2916; x_wconf 79' lang='lat' dir='ltr'>sonoriutia</span> <span class='ocrx_word' id='word_1_245' title='bbox 1755 2837 1857 2918; x_wconf 81' lang='lat' dir='ltr'>cansa</span> <span class='ocrx_word' id='word_1_246' title='bbox 1876 2837 2014 2919; x_wconf 71' lang='lat' dir='ltr'>ditium</span> 
     </span>
     <span class='ocr_line' id='line_1_22' title="bbox 279 2940 2013 3059; baseline -0.001 -28"><span class='ocrx_word' id='word_1_247' title='bbox 279 2953 420 3058; x_wconf 84' lang='lat' dir='ltr'>primur</span> <span class='ocrx_word' id='word_1_248' title='bbox 449 2965 580 3044; x_wconf 87' lang='lat' dir='ltr'>tonna,</span> <span class='ocrx_word' id='word_1_249' title='bbox 611 2966 654 3035; x_wconf 94' lang='lat' dir='ltr'>ut</span> <span class='ocrx_word' id='word_1_250' title='bbox 680 2951 872 3059; x_wconf 81' lang='lat' dir='ltr'>graduale:</span> <span class='ocrx_word' id='word_1_251' title='bbox 893 2945 1041 3051; x_wconf 77' lang='lat' dir='ltr'>fulvum</span> <span class='ocrx_word' id='word_1_252' title='bbox 1058 2941 1126 3049; x_wconf 78' lang='lat' dir='ltr'>foc</span> <span class='ocrx_word' id='word_1_253' title='bbox 1162 2940 1420 3045; x_wconf 18' lang='lat' dir='ltr'>iprotundum</span> <span class='ocrx_word' id='word_1_254' title='bbox 1452 2945 1579 3032; x_wconf 87' lang='lat' dir='ltr'>insui</span> <span class='ocrx_word' id='word_1_255' title='bbox 1610 2951 1794 3053; x_wconf 81' lang='lat' dir='ltr'>principio</span> <span class='ocrx_word' id='word_1_256' title='bbox 1829 2948 2013 3041; x_wconf 76' lang='lat' dir='ltr'>addimus.</span> 
     </span>
     <span class='ocr_line' id='line_1_23' title="bbox 270 3057 2016 3168; baseline -0.001 -22"><span class='ocrx_word' id='word_1_257' title='bbox 270 3064 448 3168; x_wconf 67' lang='lat' dir='ltr'>swan.</span> <span class='ocrx_word' id='word_1_258' title='bbox 478 3068 581 3145; x_wconf 85' lang='lat' dir='ltr'>cuine</span> <span class='ocrx_word' id='word_1_259' title='bbox 604 3064 725 3146; x_wconf 82' lang='lat' dir='ltr'>versuo</span> <span class='ocrx_word' id='word_1_260' title='bbox 744 3066 815 3143; x_wconf 87' lang='lat' dir='ltr'>est:</span> <span class='ocrx_word' id='word_1_261' title='bbox 845 3059 993 3142; x_wconf 79' lang='lat' dir='ltr'>nuribus</span> <span class='ocrx_word' id='word_1_262' title='bbox 1002 3062 1126 3161; x_wconf 81' lang='lat' dir='ltr'>perci-</span> <span class='ocrx_word' id='word_1_263' title='bbox 1166 3057 1367 3138; x_wconf 80' lang='lat' dir='ltr'>deserviens</span> <span class='ocrx_word' id='word_1_264' title='bbox 1392 3058 1534 3141; x_wconf 88' lang='lat' dir='ltr'>dnabna</span> <span class='ocrx_word' id='word_1_265' title='bbox 1556 3059 1688 3141; x_wconf 56' lang='lat' dir='ltr'>&#39;solum</span> <span class='ocrx_word' id='word_1_266' title='bbox 1719 3064 1819 3143; x_wconf 86' lang='lat' dir='ltr'>notia</span> <span class='ocrx_word' id='word_1_267' title='bbox 1850 3060 1924 3145; x_wconf 82' lang='lat' dir='ltr'>fire</span> <span class='ocrx_word' id='word_1_268' title='bbox 1948 3086 2016 3145; x_wconf 86' lang='lat' dir='ltr'>nu·</span> 
     </span>
     <span class='ocr_line' id='line_1_24' title="bbox 273 3170 1601 3288; baseline -0.005 -30"><span class='ocrx_word' id='word_1_269' title='bbox 273 3195 331 3280; x_wconf 80' lang='lat' dir='ltr'>pe.</span> <span class='ocrx_word' id='word_1_270' title='bbox 391 3176 469 3257; x_wconf 86' lang='lat' dir='ltr'>Sed.</span> <span class='ocrx_word' id='word_1_271' title='bbox 499 3178 583 3259; x_wconf 87' lang='lat' dir='ltr'>&#39;sunt</span> <span class='ocrx_word' id='word_1_272' title='bbox 618 3176 808 3288; x_wconf 83' lang='lat' dir='ltr'>nonnulli,</span> <span class='ocrx_word' id='word_1_273' title='bbox 839 3179 901 3281; x_wconf 89' lang='lat' dir='ltr'>qni</span> <span class='ocrx_word' id='word_1_274' title='bbox 933 3174 1008 3253; x_wconf 89' lang='lat' dir='ltr'>hoc</span> <span class='ocrx_word' id='word_1_275' title='bbox 1040 3194 1125 3275; x_wconf 89' lang='lat' dir='ltr'>gra·</span> <span class='ocrx_word' id='word_1_276' title='bbox 1165 3171 1291 3260; x_wconf 81' lang='lat' dir='ltr'>cibun,</span> <span class='ocrx_word' id='word_1_277' title='bbox 1322 3185 1365 3251; x_wconf 88' lang='lat' dir='ltr'>ut</span> <span class='ocrx_word' id='word_1_278' title='bbox 1391 3170 1453 3252; x_wconf 88' lang='lat' dir='ltr'>hic</span> <span class='ocrx_word' id='word_1_279' title='bbox 1477 3186 1601 3273; x_wconf 72' lang='lat' dir='ltr'>parete</span> 
     </span>
    </p>
   </div>
   <div class='ocr_carea' id='block_1_3' title="bbox 523 3312 1804 3578">
    <p class='ocr_par' dir='ltr' id='par_1_3' title="bbox 317 3312 1804 3578">
     <span class='ocr_line' id='line_1_25' title="bbox 523 3312 1804 3438; baseline -0.002 -63"><span class='ocrx_word' id='word_1_280' title='bbox 523 3358 528 3375; x_wconf 84' lang='lat'><strong><em>.</em></strong></span> <span class='ocrx_word' id='word_1_281' title='bbox 1176 3312 1804 3438; x_wconf 62' lang='lat' dir='ltr'>-Eml</span> 
     </span>
     <span class='ocr_line' id='line_1_26' title="bbox 703 3372 1804 3578; baseline -0.003 -67.298"><span class='ocrx_word' id='word_1_282' title='bbox 703 3514 875 3578; x_wconf 43' lang='lat' dir='ltr'>a„</span> <span class='ocrx_word' id='word_1_283' title='bbox 1122 3372 1804 3572; x_wconf 51' lang='grc' dir='ltr'>..ε-...κως</span> 
     </span>
    </p>
   </div>
   <div class='ocr_carea' id='block_1_4' title="bbox 335 3590 2069 3893">
    <p class='ocr_par' dir='ltr' id='par_1_4' title="bbox 335 3590 2069 3893">
     <span class='ocr_line' id='line_1_27' title="bbox 395 3590 2069 3755; baseline -0.007 -46"><span class='ocrx_word' id='word_1_284' title='bbox 395 3590 402 3598; x_wconf 34' lang='lat'><em>⁷</em></span> <span class='ocrx_word' id='word_1_285' title='bbox 446 3608 724 3709; x_wconf 72' lang='lat' dir='ltr'>Sarranae</span> <span class='ocrx_word' id='word_1_286' title='bbox 1213 3621 1276 3699; x_wconf 81' lang='lat' dir='ltr'>Au</span> <span class='ocrx_word' id='word_1_287' title='bbox 1317 3620 1451 3699; x_wconf 85' lang='lat' dir='ltr'>ribna</span> <span class='ocrx_word' id='word_1_288' title='bbox 1505 3644 1573 3723; x_wconf 87' lang='lat' dir='ltr'>per</span> <span class='ocrx_word' id='word_1_289' title='bbox 1612 3624 1646 3701; x_wconf 88' lang='lat' dir='ltr'>ci</span> <span class='ocrx_word' id='word_1_290' title='bbox 1682 3644 1741 3725; x_wconf 87' lang='lat' dir='ltr'>pe.</span> <span class='ocrx_word' id='word_1_291' title='bbox 2065 3748 2069 3755; x_wconf 20' lang='grc' dir='ltr'><strong><em>Ι</em></strong></span> 
     </span>
     <span class='ocr_line' id='line_1_28' title="bbox 335 3778 2013 3893; baseline -0.002 -24"><span class='ocrx_word' id='word_1_292' title='bbox 335 3784 504 3893; x_wconf 83' lang='lat' dir='ltr'>incipere</span> <span class='ocrx_word' id='word_1_293' title='bbox 527 3801 651 3869; x_wconf 87' lang='lat' dir='ltr'>antem</span> <span class='ocrx_word' id='word_1_294' title='bbox 675 3788 792 3891; x_wconf 90' lang='lat' dir='ltr'>ipsum</span> <span class='ocrx_word' id='word_1_295' title='bbox 818 3788 858 3867; x_wconf 91' lang='lat' dir='ltr'>lu</span> <span class='ocrx_word' id='word_1_296' title='bbox 882 3782 923 3867; x_wconf 85' lang='lat' dir='ltr'>F.</span> <span class='ocrx_word' id='word_1_297' title='bbox 946 3786 1074 3888; x_wconf 80' lang='lat' dir='ltr'>gravi,</span> <span class='ocrx_word' id='word_1_298' title='bbox 1105 3778 1223 3883; x_wconf 86' lang='lat' dir='ltr'>surgit</span> <span class='ocrx_word' id='word_1_299' title='bbox 1246 3782 1512 3861; x_wconf 74' lang='lat' dir='ltr'>inconveniens</span> <span class='ocrx_word' id='word_1_300' title='bbox 1538 3804 1679 3872; x_wconf 81' lang='lat' dir='ltr'>unum,</span> <span class='ocrx_word' id='word_1_301' title='bbox 1709 3780 1811 3885; x_wconf 88' lang='lat' dir='ltr'>quud</span> <span class='ocrx_word' id='word_1_302' title='bbox 1837 3784 1876 3863; x_wconf 92' lang='lat' dir='ltr'>in</span> <span class='ocrx_word' id='word_1_303' title='bbox 1900 3783 2013 3889; x_wconf 83' lang='lat' dir='ltr'>pluri·</span> 
     </span>
    </p>
   </div>
   <div class='ocr_carea' id='block_1_5' title="bbox 270 3888 2053 4131">
    <p class='ocr_par' dir='ltr' id='par_1_5' title="bbox 270 3888 2053 4131">
     <span class='ocr_line' id='line_1_29' title="bbox 274 3888 2053 4002; baseline -0.006 -21"><span class='ocrx_word' id='word_1_304' title='bbox 274 3901 349 3984; x_wconf 76' lang='lat' dir='ltr'>lans</span> <span class='ocrx_word' id='word_1_305' title='bbox 366 3902 463 3983; x_wconf 79' lang='lat' dir='ltr'>locis</span> <span class='ocrx_word' id='word_1_306' title='bbox 485 3901 591 3983; x_wconf 79' lang='lat' dir='ltr'>codic</span> <span class='ocrx_word' id='word_1_307' title='bbox 649 3899 746 3993; x_wconf 84' lang='lat' dir='ltr'>Nam</span> <span class='ocrx_word' id='word_1_308' title='bbox 773 3896 968 3979; x_wconf 75' lang='lat' dir='ltr'>necessario</span> <span class='ocrx_word' id='word_1_309' title='bbox 993 3902 1029 3977; x_wconf 91' lang='lat' dir='ltr'>in</span> <span class='ocrx_word' id='word_1_310' title='bbox 1045 3890 1080 3997; x_wconf 81' lang='lat' dir='ltr'>f.</span> <span class='ocrx_word' id='word_1_311' title='bbox 1105 3910 1215 3974; x_wconf 87' lang='lat' dir='ltr'>acuto</span> <span class='ocrx_word' id='word_1_312' title='bbox 1233 3888 1277 3972; x_wconf 83' lang='lat' dir='ltr'>fit</span> <span class='ocrx_word' id='word_1_313' title='bbox 1297 3896 1368 3983; x_wconf 85' lang='lat' dir='ltr'>mi.</span> <span class='ocrx_word' id='word_1_314' title='bbox 1393 3895 1429 3971; x_wconf 77' lang='lat' dir='ltr'>da</span> <span class='ocrx_word' id='word_1_315' title='bbox 1450 3894 1489 3971; x_wconf 91' lang='lat' dir='ltr'>in</span> <span class='ocrx_word' id='word_1_316' title='bbox 1506 3918 1547 3993; x_wconf 83' lang='lat' dir='ltr'>g.</span> <span class='ocrx_word' id='word_1_317' title='bbox 1567 3910 1677 3975; x_wconf 87' lang='lat' dir='ltr'>acuto</span> <span class='ocrx_word' id='word_1_318' title='bbox 1699 3918 1765 3997; x_wconf 88' lang='lat' dir='ltr'>per</span> <span class='ocrx_word' id='word_1_319' title='bbox 1783 3896 2011 4002; x_wconf 76' lang='lat' dir='ltr'>consequent</span> <span class='ocrx_word' id='word_1_320' title='bbox 2048 3966 2053 3971; x_wconf 87' lang='lat'>.</span> 
     </span>
     <span class='ocr_line' id='line_1_30' title="bbox 270 4005 1879 4131; baseline -0.004 -38"><span class='ocrx_word' id='word_1_321' title='bbox 270 4010 319 4118; x_wconf 75' lang='lat' dir='ltr'>so</span> <span class='ocrx_word' id='word_1_322' title='bbox 341 4012 506 4127; x_wconf 77' lang='lat' dir='ltr'>pluridua</span> <span class='ocrx_word' id='word_1_323' title='bbox 531 4016 569 4093; x_wconf 89' lang='lat'>·&amp;</span> <span class='ocrx_word' id='word_1_324' title='bbox 597 4012 739 4131; x_wconf 80' lang='lat' dir='ltr'>diverfie</span> <span class='ocrx_word' id='word_1_325' title='bbox 764 4014 925 4103; x_wconf 81' lang='lat' dir='ltr'>vicibus,</span> <span class='ocrx_word' id='word_1_326' title='bbox 956 4010 1023 4091; x_wconf 87' lang='lat' dir='ltr'>ubi</span> <span class='ocrx_word' id='word_1_327' title='bbox 1047 4008 1156 4088; x_wconf 87' lang='lat' dir='ltr'>etiam</span> <span class='ocrx_word' id='word_1_328' title='bbox 1180 4005 1389 4085; x_wconf 85' lang='lat' dir='ltr'>naturaliter</span> <span class='ocrx_word' id='word_1_329' title='bbox 1412 4029 1492 4090; x_wconf 88' lang='lat' dir='ltr'>non</span> <span class='ocrx_word' id='word_1_330' title='bbox 1520 4006 1701 4097; x_wconf 84' lang='lat' dir='ltr'>existunt,</span> <span class='ocrx_word' id='word_1_331' title='bbox 1730 4021 1772 4087; x_wconf 92' lang='lat' dir='ltr'>ut</span> <span class='ocrx_word' id='word_1_332' title='bbox 1794 4006 1879 4087; x_wconf 87' lang='lat' dir='ltr'>hic:</span> 
     </span>
    </p>
   </div>
   <div class='ocr_carea' id='block_1_6' title="bbox 939 4454 1573 4572">
    <p class='ocr_par' dir='ltr' id='par_1_6' title="bbox 939 4440 1573 4572">
     <span class='ocr_line' id='line_1_31' title="bbox 939 4454 1573 4572; baseline 0.005 -37"><span class='ocrx_word' id='word_1_333' title='bbox 939 4564 940 4568; x_wconf 7' lang='grc' dir='ltr'><strong><em>Ν</em></strong></span> <span class='ocrx_word' id='word_1_334' title='bbox 1086 4454 1147 4536; x_wconf 83' lang='lat' dir='ltr'>Au</span> <span class='ocrx_word' id='word_1_335' title='bbox 1186 4456 1327 4539; x_wconf 79' lang='lat' dir='ltr'>rinna</span> <span class='ocrx_word' id='word_1_336' title='bbox 1382 4459 1573 4572; x_wconf 86' lang='lat' dir='ltr'>percipe.</span> 
     </span>
    </p>
   </div>
   <div class='ocr_carea' id='block_1_7' title="bbox 268 4614 2186 5156">
    <p class='ocr_par' dir='ltr' id='par_1_7' title="bbox 268 4614 2186 5156">
     <span class='ocr_line' id='line_1_32' title="bbox 334 4614 2186 4742; baseline -0.01 -23"><span class='ocrx_word' id='word_1_337' title='bbox 334 4634 380 4720; x_wconf 82' lang='lat' dir='ltr'>Et</span> <span class='ocrx_word' id='word_1_338' title='bbox 405 4638 491 4742; x_wconf 88' lang='lat' dir='ltr'>quia</span> <span class='ocrx_word' id='word_1_339' title='bbox 523 4632 601 4715; x_wconf 85' lang='lat' dir='ltr'>hoc</span> <span class='ocrx_word' id='word_1_340' title='bbox 625 4624 887 4711; x_wconf 82' lang='lat' dir='ltr'>inconveniens</span> <span class='ocrx_word' id='word_1_341' title='bbox 914 4622 1030 4706; x_wconf 84' lang='lat' dir='ltr'>maine</span> <span class='ocrx_word' id='word_1_342' title='bbox 1059 4627 1129 4719; x_wconf 83' lang='lat' dir='ltr'>est,·</span> <span class='ocrx_word' id='word_1_343' title='bbox 1164 4614 1381 4709; x_wconf 83' lang='lat' dir='ltr'>artificialia,</span> <span class='ocrx_word' id='word_1_344' title='bbox 1410 4642 1458 4700; x_wconf 87' lang='lat' dir='ltr'>eo</span> <span class='ocrx_word' id='word_1_345' title='bbox 1479 4618 1585 4725; x_wconf 91' lang='lat' dir='ltr'>quod</span> <span class='ocrx_word' id='word_1_346' title='bbox 1610 4618 1838 4701; x_wconf 85' lang='lat' dir='ltr'>artificialiter</span> <span class='ocrx_word' id='word_1_347' title='bbox 1869 4619 2011 4702; x_wconf 87' lang='lat' dir='ltr'>locatur</span> <span class='ocrx_word' id='word_1_348' title='bbox 2182 4662 2186 4669; x_wconf 95' lang='lat'>·</span> 
     </span>
     <span class='ocr_line' id='line_1_33' title="bbox 275 4732 2009 4855; baseline -0.012 -20"><span class='ocrx_word' id='word_1_349' title='bbox 275 4749 364 4851; x_wconf 82' lang='lat' dir='ltr'>iden</span> <span class='ocrx_word' id='word_1_350' title='bbox 398 4750 516 4855; x_wconf 85' lang='lat' dir='ltr'>ipsun</span> <span class='ocrx_word' id='word_1_351' title='bbox 552 4750 590 4829; x_wconf 91' lang='lat' dir='ltr'>in</span> <span class='ocrx_word' id='word_1_352' title='bbox 617 4740 647 4827; x_wconf 92' lang='lat' dir='ltr'>B</span> <span class='ocrx_word' id='word_1_353' title='bbox 675 4742 777 4846; x_wconf 87' lang='lat' dir='ltr'>gravi</span> <span class='ocrx_word' id='word_1_354' title='bbox 808 4762 894 4821; x_wconf 87' lang='lat' dir='ltr'>cum</span> <span class='ocrx_word' id='word_1_355' title='bbox 922 4740 1121 4835; x_wconf 83' lang='lat' dir='ltr'>additione,</span> <span class='ocrx_word' id='word_1_356' title='bbox 1165 4756 1263 4813; x_wconf 88' lang='lat' dir='ltr'>unua</span> <span class='ocrx_word' id='word_1_357' title='bbox 1289 4748 1424 4824; x_wconf 80' lang='lat' dir='ltr'>tonna,</span> <span class='ocrx_word' id='word_1_358' title='bbox 1451 4732 1515 4815; x_wconf 91' lang='lat' dir='ltr'>ubi</span> <span class='ocrx_word' id='word_1_359' title='bbox 1535 4732 1747 4814; x_wconf 84' lang='lat' dir='ltr'>naturaliter</span> <span class='ocrx_word' id='word_1_360' title='bbox 1775 4756 1852 4830; x_wconf 87' lang='lat' dir='ltr'>non</span> <span class='ocrx_word' id='word_1_361' title='bbox 1880 4734 2009 4815; x_wconf 83' lang='lat' dir='ltr'>exiliit</span> 
     </span>
     <span class='ocr_line' id='line_1_34' title="bbox 278 4842 2013 4971; baseline -0.012 -23"><span class='ocrx_word' id='word_1_362' title='bbox 278 4880 320 4949; x_wconf 91' lang='lat' dir='ltr'>nt</span> <span class='ocrx_word' id='word_1_363' title='bbox 349 4864 580 4971; x_wconf 86' lang='lat' dir='ltr'>praedicitur,</span> <span class='ocrx_word' id='word_1_364' title='bbox 610 4856 634 4939; x_wconf 83' lang='lat' dir='ltr'><em>b</em></span> <span class='ocrx_word' id='word_1_365' title='bbox 663 4854 816 4937; x_wconf 86' lang='lat' dir='ltr'>rotundi</span> <span class='ocrx_word' id='word_1_366' title='bbox 848 4852 1023 4933; x_wconf 77' lang='lat' dir='ltr'>debemus</span> <span class='ocrx_word' id='word_1_367' title='bbox 1057 4876 1122 4932; x_wconf 90' lang='lat' dir='ltr'>ue·</span> <span class='ocrx_word' id='word_1_368' title='bbox 1220 4844 1399 4951; x_wconf 84' lang='lat' dir='ltr'>lucipltrn</span> <span class='ocrx_word' id='word_1_369' title='bbox 1417 4848 1557 4949; x_wconf 84' lang='lat' dir='ltr'>primus</span> <span class='ocrx_word' id='word_1_370' title='bbox 1573 4864 1684 4926; x_wconf 80' lang='lat' dir='ltr'>tonus</span> <span class='ocrx_word' id='word_1_371' title='bbox 1704 4848 1743 4923; x_wconf 90' lang='lat' dir='ltr'>in</span> <span class='ocrx_word' id='word_1_372' title='bbox 1760 4842 1804 4927; x_wconf 89' lang='lat' dir='ltr'>C.</span> <span class='ocrx_word' id='word_1_373' title='bbox 1825 4850 1944 4948; x_wconf 83' lang='lat' dir='ltr'>gravi,</span> <span class='ocrx_word' id='word_1_374' title='bbox 1966 4860 2013 4928; x_wconf 86' lang='lat' dir='ltr'>ut</span> 
     </span>
     <span class='ocr_line' id='line_1_35' title="bbox 268 4954 2013 5155; baseline -0.003 -109"><span class='ocrx_word' id='word_1_375' title='bbox 268 4976 425 5077; x_wconf 70' lang='lat' dir='ltr'>‚cessario</span> <span class='ocrx_word' id='word_1_376' title='bbox 448 4974 629 5081; x_wconf 83' lang='lat' dir='ltr'>figurare,</span> <span class='ocrx_word' id='word_1_377' title='bbox 658 4971 711 5051; x_wconf 77' lang='lat' dir='ltr'>dc.</span> <span class='ocrx_word' id='word_1_378' title='bbox 726 4966 807 5051; x_wconf 84' lang='lat' dir='ltr'>talia</span> <span class='ocrx_word' id='word_1_379' title='bbox 840 4978 968 5075; x_wconf 26' lang='lat' dir='ltr'>tonus·</span> <span class='ocrx_word' id='word_1_380' title='bbox 986 4964 1120 5051; x_wconf 85' lang='lat' dir='ltr'>dicitur</span> <span class='ocrx_word' id='word_1_381' title='bbox 1162 4957 1214 5039; x_wconf 81' lang='lat' dir='ltr'>est</span> <span class='ocrx_word' id='word_1_382' title='bbox 1234 4959 1410 5155; x_wconf 60' lang='lat' dir='ltr'>iungam</span> <span class='ocrx_word' id='word_1_383' title='bbox 1437 4956 1660 5039; x_wconf 78' lang='lat' dir='ltr'>Gaudeamus</span> <span class='ocrx_word' id='word_1_384' title='bbox 1679 4978 1799 5038; x_wconf 82' lang='lat' dir='ltr'>omnes</span> <span class='ocrx_word' id='word_1_385' title='bbox 1819 4954 2013 5040; x_wconf 79' lang='lat' dir='ltr'>inlioani-</span> 
     </span>
     <span class='ocr_line' id='line_1_36' title="bbox 1369 5089 1952 5156; baseline -0.009 0"><span class='ocrx_word' id='word_1_386' title='bbox 1369 5089 1396 5156; x_wconf 77' lang='lat'><em>2</em></span> <span class='ocrx_word' id='word_1_387' title='bbox 1878 5092 1952 5153; x_wconf 73' lang='lat' dir='ltr'>not</span> 
     </span>
    </p>
   </div>
   <div class='ocr_carea' id='block_1_8' title="bbox 0 0 2380 6025">
    <p class='ocr_par' dir='ltr' id='par_1_8' title="bbox 0 0 2380 6025">
     <span class='ocr_line' id='line_1_37' title="bbox 0 0 2380 6025; baseline 0 2"><span class='ocrx_word' id='word_1_388' title='bbox 0 0 2380 6025; x_wconf 95' lang='lat' dir='ltr'> </span> 
     </span>
    </p>
   </div>
  </div>
 </body>
</html>
