4750 6025
1460 471 1949 563 MUSJGAE
2053 480 2341 565 PARS
2432 478 3037 589 SECUNDA.

3758 494 3996 618 347

492 657 499 661 “
620 648 868 733 Multi
906 620 1149 733 tamen
1182 647 1328 732 fine
1369 649 1584 737 huius
1620 659 1790 738 artis
1829 659 2089 748 notitia
2123 673 2217 742 ex
2303 662 2474 756 seri,
2533 666 3012 748 differentiam
3067 666 3203 750 effe
3248 669 3435 750 inter
3486 686 3862 754 cantorem
3910 678 3990 758 ἃς

510 760 653 860 ¹usu
688 766 1026 846 videntur
1055 763 1180 844 fibi
1222 766 1406 847 bene
1436 791 1695 850 cauere
1738 772 1943 864 velle,
1993 776 2218 855 inter-

521 881 763 980 rogati
826 893 1068 960 autem
1130 877 1222 960 de
1278 885 1593 961 nume'ro
1651 882 1774 963 'vei
1825 885 2210 968 intervallo

523 989 960 1093 respondere
987 989 1336 1071 nesciunt.
1397 991 1536 1095 lpfi
1585 1018 1759 1075 vero
1797 994 2212 1079 Democriti

518 1101 941 1207 philosophi
983 1107 1195 1184 verba
1238 1130 1398 1184 non
1433 1108 1761 1209 sapiunt,
1825 1112 1947 1210 qui
1987 1111 2206 1192 dicit:

519 1215 784 1296 eodem
824 1219 997 1298 loco
1032 1219 1445 1299 sunt'voces
1480 1223 2016 1322 imperitorum,
2054 1248 2209 1328 quo

516 1333 789 1409 ventris
831 1330 1096 1410 redditi
1142 1331 1309 1411 sunt
1353 1335 1719 1434 crepitus;
1783 1336 1961 1438 quid
2014 1341 2211 1417 enim

515 1442 844 1534 interest,
902 1467 1076 1524 cum
1135 1444 1208 1522 hi
1250 1443 1568 1534 sursum,
1630 1442 1736 1523 illi
1791 1464 2035 1529 autem
2088 1449 2213 1528 de-

515 1553 762 1633 orsum
809 1555 1178 1635 ullulent?
1240 1557 1416 1635 Vidi
1449 1581 1595 1658 ego
1629 1560 2047 1660 quemdam,
2083 1567 2212 1665 qui

512 1665 732 1748 huius
786 1672 955 1748 artis
1007 1670 1257 1749 audior
1321 1671 1394 1749 δι
1449 1674 1906 1772 componista
1967 1675 2211 1754 haberi

515 1784 798 1872 voluit,
825 1785 958 1861 ⁴cui
1002 1779 1144 1868 nec'
1171 1782 1246 1865 in
1289 1781 1702 1884 prolatione
1736 1787 1826 1862 de
1865 1809 2207 1877 numere,

515 1922 653 1978 nec
705 1900 779 1976 in
824 1895 1134 1975 clavium
1174 1893 1537 1996 positione
1572 1920 1748 1975 cura
1779 1915 1976 1977 erat:
2018 1923 2208 2002 quae-

509 2009 817 2100 fivi,cur
865 2033 945 2088 ea
991 2010 1367 2088 omitteret
1393 2005 1429 2085 ⁴?-
1483 2007 1856 2109 respondit
1895 2035 2049 2089 non
2111 2012 2211 2090 es-

509 2124 577 2203 se
612 2125 705 2204 de
744 2119 1187 2210 necestitate,
1252 2143 1422 2200 cum
1471 2123 1786 2201 maxime
1835 2121 2208 2203 necessaria

414 2313 418 2319 .
510 2235 697 2317 fine:
761 2238 837 2314 ἃ.
880 2235 1100 2314 alium
1155 2233 1597 2337 quemdam,
1662 2237 1788 2336 qui
1850 2239 2211 2338 cum‘pu-

475 2347 674 2427 -flllis
715 2347 856 2428 suis
888 2343 1221 2438 officium
1263 2347 1439 2424 sexti
1472 2348 1638 2424 toni
1675 2345 2032 2427 resumere
2058 2347 2209 2426 vel·

511 2460 635 2553 let,
688 2464 1009 2565 primum
1066 2462 1696 2540 cecinittonum:
1760 2475 1834 2537 at
1890 2461 2012 2538 hic
2055 2484 2204 2540 ma-

511 2597 676 2677 gnae
715 2573 923 2654 famae
956 2570 1269 2653 muficus
1302 2585 1496 2666 erat3
1539 2595 1704 2650 nam
1743 2587 1825 2650 ut
1853 2569 2201 2652 Horatius

513 2690 652 2766 ait:
715 2683 1035 2791 populus
1070 2707 1371 2788 quoque
1419 2683 1670 2765 stultus
1715 2684 2043 2764 honores
2087 2682 2203 2765 sae-

516 2822 610 2901 pe
645 2797 772 2880 dat
812 2797 1181 2900 indignis,
1243 2820 1504 2900 quem,
1565 2811 1649 2875 ut
1690 2796 1957 2885 credo,
2017 2797 2208 2877 fama

498 2911 815 2991 seduxit.
877 2909 1248 2990 Novimus
1279 2912 1352 2988 δι
1376 2909 1926 2988 Andrechinum
1951 2933 2209 3013 quem-

500 3024 684 3108 ·dam
718 3022 1229 3112 Bafileensem,
1314 3026 1443 3127 qui
1486 3023 1636 3103 huc
1682 3022 2003 3126 illucque
2043 3047 2208 3104 cur-

516 3134 794 3217 sitando
827 3140 968 3217 iam
1003 3134 1219 3215 huius
1258 3160 1460 3216 nunc
1498 3134 1689 3214 illius
1719 3134 2069 3238 Principis
2104 3137 2206 3215 faa

517 3251 805 3330 mulum
855 3249 926 3328 se
977 3245 1116 3327 effe
1161 3245 1688 3350 profitebatur,
1750 3264 1968 3350 atque
2015 3249 2205 3325 inter

515 3365 936 3466 ignorantes
976 3382 1117 3463 pro
1159 3364 1488 3445 maximo
1531 3358 1818 3438 habitus
1856 3361 1956 3439 est
1988 3356 2205 3439 mufi-

2304 777 2658 860 musicum
2716 784 3109 882 magnam3
3171 797 3297 864 aut
3354 782 3638 862 fortaffe
3698 810 3850 866 non
3886 786 3990 866 le-

2297 907 2570 992 gerunt
2604 890 3029 974 Guidonem
3073 896 3149 973 in
3194 895 3610 998 micrologo
3670 898 3990 982 fecundo

2299 1002 2629 1108 ntuficae,
2687 1006 2812 1084 ubi
2858 1003 2955 1085 fic
3002 1010 3285 1110 inquit:

2365 1113 2858 1214 ''Muficorum
2900 1115 3399 1223 &cantorum
3444 1142 3706 1218 niagno
3746 1116 3834 1210 eff
3878 1122 3990 1202 df.

2864 1240 2872 1249 ‘
3434 1230 3754 1324 stomin:

2410 1338 2531 1418 lai
2586 1339 2876 1433 dicunt,
2938 1337 3052 1434 zsti
3082 1341 3327 1442 sciunt
3352 1399 3375 1438 ‚
3444 1370 3586 1442 que
3634 1350 3986 1442 componit

3142 1533 3148 1539 ,
3482 1454 3754 1550 mrfieo.

2409 1559 2611 1642 Nam
2648 1567 2773 1664 qui
2787 1561 3024 1667 facit,
3088 1565 3271 1664 quod
3299 1589 3437 1642 non
3458 1566 3678 1666 sopit,
3726 1566 3978 1662 diffini-

2904 1775 2907 1779 ⁸
3343 1681 3546 1755 nitor
3582 1678 3810 1774 bellio,

2295 1783 2461 1865 Nec
2492 1789 2705 1868 etiam
2750 1789 3089 1870 Boetium
3144 1787 3570 1896 audiverunt
3618 1790 3982 1870 dicentem

2294 1902 2542 1999 primo
2587 1901 2869 1981 muficae
2907 1926 3059 2004 cap.
3093 1922 3160 1993 3.
3223 1901 3290 1979 Is
3325 1902 3630 1982 musicus
3666 1906 3798 1990 est,
3854 1906 3982 2006 qui

2295 2015 2580 2090 ratione
2633 2015 2977 2116 perpensa
3040 2015 3345 2093 canendi
3406 2015 3766 2094 scientiam
3822 2042 3978 2094 ooo
4055 2046 4059 2050 ·

2294 2121 2585 2203 servitio
2622 2130 2905 2229 operis,
2966 2124 3083 2203 sed
3122 2128 3435 2227 imperio
3482 2124 3982 2226 speculationis

2293 2231 2628 2326 affumit,
2711 2252 2917 2318 tanto
2975 2240 3169 2343 enim
3238 2237 3642 2340 praeclarior
3694 2238 3982 2318 scientia

2295 2346 2576 2429 musicae
2624 2352 2698 2428 in
2747 2352 3181 2459 cognitione
3233 2353 3574 2442 rationis,¹
3642 2374 3858 2454 quam
3902 2354 3982 2430 io

2289 2480 2517 2560 opere
2575 2459 2936 2543 efficiendi
2993 2478 3214 2567 atque
3269 2463 3430 2543 adiu
3490 2518 3514 2550 ⁵
3626 2478 3982 2566 quantum

2288 2595 2560 2673 corpus
2595 2574 2841 2655 tuente
2882 2575 3293 2676 superatur3
3354 2575 3746 2676 speculatio
3782 2578 3978 2654 enirn

2288 2688 2587 2779 rationis
2645 2688 2997 2790 operandi
3065 2687 3221 2766 adiu
3295 2703 3451 2766 non
3522 2703 3742 2787 eget.
3810 2711 3982 2767 nam

2294 2821 2645 2878 manuum
2712 2823 2933 2902 opera
2998 2797 3191 2877 nulla
3242 2797 3458 2887 sunt,
3514 2799 3642 2879 niti
3706 2807 3982 2879 ratione

2292 2910 2671 2990 ducantur.
2762 2912 2947 3008 Qu>
2991 2909 3109 3000 fit,
3172 2925 3255 2989 ut
3306 2931 3570 3015 quauta
3622 2911 3702 2991 sit
3742 2915 3978 3015 gloria

2290 3027 2784 3128 meritumque
2815 3026 3141 3114 rationis,
3170 3023 3345 3103 hinc
3384 3023 3690 3127 intelligi
3722 3023 3978 3127 posiitff,

2288 3159 2457 3216 nam
2488 3137 2790 3217 artifices
2831 3135 3273 3239 corporales,
3304 3148 3386 3214 ut
3418 3137 3510 3223 ita
3530 3135 3790 3223 dicam.
3822 3159 3974 3215 noo

2289 3271 2381 3327 ex
2412 3248 2554 3350 ipsa
2586 3243 3105 3352 disciplina,sed
3133 3271 3225 3327 ex
3259 3246 3418 3351 ipfis
3440 3251 3682 3350 petius
3718 3251 3980 3327 instru-
4019 3343 4023 3347 ,

2289 3363 2551 3439 mentis
2585 3386 2843 3463 cepere
2884 3361 3282 3442 vocabula:
3346 3382 3510 3439 nam
3534 3359 3978 3439 citharoedus

514 3499 658 3566 co,
719 3497 891 3555 curn
939 3471 1243 3575 seipsum
1305 3474 1427 3550 vix
1485 3471 1966 3573 intelligeret:
2053 3472 2205 3551 hoc
2283 3496 2325 3551 a
2373 3474 2645 3552 cithara
2679 3528 2704 3562 ,
2787 3473 3056 3552 tibicen
3108 3497 3147 3551 a
3213 3469 3403 3551 tibiis
3433 3528 3457 3562 ,
3538 3475 3622 3551 ab
3690 3491 3978 3575 organo

446 3684 448 3686 ,
517 3579 757 3669 tamen
783 3586 1018 3675 solum
1051 3582 1537 3687 philosophus
1558 3584 1703 3686 ipse
1743 3583 2090 3665 didicerat
2124 3586 2200 3662 in

517 3699 996 3805 philosophiae
1073 3697 1362 3787 schola,
1426 3712 1509 3776 ut
1568 3696 1829 3776 doflos
1886 3698 2203 3775 omnino

515 3814 846 3916 fugeret,
907 3836 1002 3893 ne
1051 3811 1540 3914 disputatione
1584 3812 1998 3913 ignorantia
2049 3812 2204 3889 eius

517 3926 1002 4029 detegeretur.

623 4039 836 4121 Adeo
873 4035 1286 4143 perversum
1339 4036 1441 4117 est
1489 4034 1639 4115 hoc
1677 4060 1912 4141 genus
1963 4033 2208 4113 homi-

519 4177 743 4243 num,
783 4153 859 4231 ἃ.
894 4168 1039 4232 tam
1087 4150 1282 4229 elatae
1310 4151 1634 4237 cervicis,
1676 4166 1754 4228 ut
1786 4164 2012 4228 artem
2039 4147 2206 4250 plus

521 4266 748 4345 velint
793 4265 1020 4343 videri
1055 4262 1363 4350 habere,
1414 4286 1632 4366 quam
1672 4262 2016 4340 habeant:
2078 4260 2204 4363 qui

517 4381 701 4460 nihil
738 4380 1012 4458 redum
1053 4389 1353 4477 putant,
1414 4398 1630 4485 quarn
1681 4375 1880 4477 quod
1917 4372 2057 4476 ‚ipfi
2104 4372 2207 4449 fe-

516 4508 778 4575 cerunt
808 4547 831 4581 ,
894 4514 1049 4571 non
1111 4487 1523 4571 audoribus
1585 4487 2202 4588 obtemperantes,

517 4608 926 4708 voluntque
970 4602 1268 4682 credere
1309 4600 1404 4696 (f.
1441 4595 1985 4703 experientiae),
2044 4620 2199 4676 non

2286 3586 2646 3692 organista
2695 3586 3393 3665 denominationem·
3428 3582 3714 3663 hahent.

2402 3696 2572 3778 Tria
2614 3721 2880 3799 genera
2920 3701 3105 3776 circa
3157 3694 3494 3775 musicam
3554 3699 3970 3791 versantium

2291 3833 2523 3904 unum
2578 3812 3071 3891 instrumentis
3128 3812 3409 3910 agitur:
3502 3811 3690 3890 aliud
3762 3811 3978 3911 fingit

2269 3921 2663 4003 'carminat
2755 3926 3054 4001 tertium
3130 3919 3530 4023 utrumque
3606 3923 3974 3999 diiudicat,

2287 4033 2657 4124 Primum,
2708 4033 2913 4139 quod
2948 4036 3442 4114 instrumentis
3486 4039 3810 4135 potitur,
3862 4055 3978 4115 to-

2292 4163 2437 4226 tam
2474 4153 2776 4250 operam
2814 4145 3219 4251 consumit,
3284 4142 3822 4247 sei'untstumque
3862 4147 3978 4223 est

2289 4283 2328 4338 a
2361 4257 2646 4339 musicae
2686 4260 2991 4338 scientiae
3036 4256 3394 4335 intelletiu
3431 4315 3453 4349 ,
3514 4263 3678 4359 quia
3738 4259 3974 4339 famu-

2289 4372 2522 4462 latur,
2584 4395 2734 4451 nec·
2769 4372 3166 4474 quidquam
3218 4367 3428 4448 affert
3474 4375 3810 4463 rationis.
3850 4371 3974 4455 sed

2288 4485 2517 4563 totius
2557 4481 3063 4586 speculationis
3110 4506 3368 4584 expers
3408 4483 3526 4581 est,

2401 4595 2845 4683 Secundum.
2901 4595 3103 4697 quod
3145 4594 3459 4674 carmina
3502 4595 3746 4699 fingit.
3794 4619 3972 4699 poe-

518 4733 764 4801 autem
822 4717 1093 4795 rationi
1152 4713 1548 4812 magistrae,
1610 4736 1782 4792 cum
1829 4725 2205 4791 utrorum-
2282 4720 2524 4788 tarum
2569 4709 2712 4799 est,
2765 4709 2841 4785 ἃ
2890 4708 3139 4810 potius
3186 4707 3674 4810 speculatione
3730 4735 3814 4787 ae
3862 4731 3974 4787 ra-

517 4857 662 4937 que
710 4824 1062 4911 iudicium
1120 4822 1205 4904 sit
1235 4825 1818 4926 exquirendum:
1881 4821 2204 4901 dividant
2287 4823 2549 4911 tione.
2610 4843 2832 4923 quam
2894 4820 3196 4902 naturali
3256 4820 3578 4922 quodam
3638 4819 3966 4899 institisti:

512 4967 700 5049 ergo
737 4957 1003 5025 tonum
1042 4938 1367 5019 rationis.
1445 4935 1800 5018 Nesciunt
1836 4935 2030 5015 forte
2068 4935 2206 5015 mi-
2285 4932 2519 5015 fertur
2562 4933 2652 5012 ad
2691 4955 3029 5022 carmen.
3083 4931 3399 5035 ideoque
3438 4931 3970 5035 segregandum

2598 5040 2776 5127 Χῖ
2832 5062 2886 5149 a
3738 5047 3854 5127 est.
