4750 6025
817 552 1073 667 'sunna
1116 550 1379 662 norrun.
1868 562 1982 690 195

513 732 761 819 Carrrurora
787 704 834 817 ll.
968 821 970 825 ,
1137 760 1218 817 mm
1244 734 1425 831 laceram,
1456 736 1496 818 ir
1523 759 1611 819 eum
1638 730 1707 819 libi
1730 744 1917 843 rapuerint
1936 762 1987 825 err

407 841 468 928 Ad
493 849 582 948 quid
596 846 657 948 stt
674 844 775 932 tollis
798 841 950 950 mustra„
1136 872 1179 931 ea
1203 849 1461 954 panniculum,
1484 848 1551 930 libi
1575 850 1705 933 rodere
1731 851 1770 933 it
1793 853 1829 935 le
1851 853 1987 935 habere

308 1004 512 1093 Utilitatem
534 1008 680 1094 mulien
703 1010 957 1113 investigantes
979 1022 1098 1093 amen·
1138 959 1277 1076 ”stim
1312 965 1390 1046 ‘³¹⁸⁸
1422 965 1602 1066 inoegfffl
1641 961 1858 1066 8¹⁰fi³¹¹t⁰2
1911 965 1985 1049 sill

253 1118 360 1255 dant,
380 1120 472 1230 quid
491 1116 580 1203 dicit
595 1121 770 1205 Horatius
788 1121 834 1206 de
852 1127 954 1255 bono
973 1138 1103 1229 puerag
1136 1072 1442 1271 &teffioggefivtigenra
1466 1077 1681 1269 redfiuutea,
1711 1074 1853 1160 mulicae
1884 1078 1987 1162 uult·

252 1255 427 1317 nimitum
450 1236 714 1317 commendans
739 1258 826 1315 eum
850 1252 920 1316 att:
1465 1211 1530 1291 Ρθῐ
1562 1212 1758 1292 immill-

215 1448 220 1451 -
255 1408 654 1515 omeuuarunam,
669 1402 1093 1515 anmrscurrnrterutct.
1134 1346 1754 1568 naffigfiocssentiiffpireffiffi
1763 1348 1897 1544 ‘goir
1913 1352 1982 1546 ¹enni-

306 1572 399 1659 Haec
413 1584 502 1657 reto
518 1576 749 1679 reperiuntur
764 1577 801 1654 in
820 1573 961 1657 mulier.
997 1574 1094 1659 Dul-
1134 1589 1285 1665 rantur,
1316 1578 1497 1683 praecipue
1529 1600 1594 1681 per
1629 1573 1908 1658 melancholiam
1943 1576 1984 1657 ἃ

249 1688 301 1767 cir
324 1688 396 1781 eit.
419 1689 596 1794 quoniam
619 1691 715 1768 inter
739 1698 878 1767 omues·
892 1702 986 1768 atter
1011 1688 1094 1769 nul·
1132 1689 1345 1790 ¹erttristitla
1379 1689 1559 1792 generati:
1590 1714 1654 1793 per
1674 1686 1858 1771 'malicum
1893 1711 1982 1792 pro·

247 1796 299 1889 la,
319 1814 393 1881 tam
435 1804 629 1893 velociter,
663 1798 763 1881 nulla
802 1815 877 1881 tam
913 1799 1090 1883 obletlat:
1134 1798 1303 1891 hibetur,
1325 1825 1374 1882 ne
1396 1805 1477 1906 quis
1501 1802 1636 1883 incidat
1660 1805 1697 1880 in
1721 1800 1980 1903 desperationis

248 1908 374 2005 utilis.
411 1917 588 2019 quoniam
628 1917 705 1993 eius
748 1912 899 2002 artifex,
937 1915 1001 2017 qui
1042 1913 1092 1994 eil
1134 1915 1288 1993 exitium
1323 1914 1361 1994 δι
1395 1938 1609 1994 moerorem.
1652 1910 1793 1995 Mulier
1821 1915 1980 1993 tiatorer

247 2022 428 2117 mulicua,
451 2028 541 2107 novi
561 2022 791 2125 &regularis
815 2042 941 2114 cantur
965 2030 1093 2105 inven-
1133 2024 1343 2117 confortat,
1372 2026 1472 2108 iuret
1508 2028 1547 2105 ἃ
1586 2025 1746 2107 latrooea
1781 2027 1978 2115 exanimat.

246 2150 331 2229 tor,
371 2138 409 2221 &
450 2138 610 2220 eiusdem
649 2136 780 2228 iudex,
810 2138 850 2218 iit
885 2138 1091 2243 irregularia
1134 2138 1173 2217 it
1208 2139 1249 2217 in
1287 2138 1412 2243 fugam
1450 2141 1646 2219 conuertit.
1694 2137 1763 2219 Per
1805 2136 1979 2219 melleam

246 2253 370 2357 potest
394 2247 463 2333 elle
486 2250 680 2333 corretlor.
1133 2250 1174 2330 io
1206 2248 1307 2331 bello
1348 2250 1468 2333 timidi
1508 2250 1794 2340 confortantur,
1835 2244 1978 2353 disperii

306 2360 361 2460 Eat
383 2366 455 2444 iam
476 2363 577 2443 ditiis
599 2362 793 2465 diligenter
818 2366 973 2445 intuenti
994 2376 1093 2467 paret
1132 2356 1355 2445 revocantur
1377 2366 1414 2443 ἀ
1443 2363 1604 2444 tillir&
1628 2363 1674 2443 de
1696 2361 1903 2466 Pythagora
1926 2360 1979 2441 le·

196 2524 198 2526 -
237 2474 452 2557 'differentia
480 2480 575 2557 inter
600 2474 779 2557 musicum
811 2478 849 2555 δι
881 2492 1090 2557 cantorem:
1132 2477 1257 2577 gitur.
1287 2473 1391 2582 quod
1426 2474 1655 2574 luxuriosum
1689 2468 1885 2578 quemdam
1911 2495 1979 2576 per

246 2592 371 2671 omnis
409 2591 508 2670 euim
541 2586 701 2670 mulleos
721 2588 789 2669 'est
828 2587 986 2681 cantor,
1032 2589 1092 2669 led
1133 2586 1305 2669 molitam
1328 2591 1374 2670 ad
1396 2590 1660 2673 continentiam
1684 2587 1885 2667 revocabat
1917 2582 1980 2669 tt
2128 2646 2151 2668 2

246 2725 328 2783 nun
357 2724 385 2782 .e
418 2721 560 2785 contra.
612 2699 755 2782 Cantor
788 2704 912 2794 euim,
948 2702 1091 2809 quirit
1132 2702 1232 2780 enim
1254 2702 1575 2808 quadam-speclea
1599 2698 1807 2791 cantilena,
1825 2721 1898 2804 qua
1920 2695 1979 2777 lo·

245 2811 426 2906 molitur,
458 2816 497 2895 δι
530 2812 715 2896 theoricus
751 2815 789 2893 ἀ
827 2816 1016 2919 ρτεᾶἱοιιε·
1040 2815 1091 2897 eli
1131 2817 1236 2894 xuria
1268 2814 1469 2918 effugatur,
1501 2818 1538 2897 ἀ
1569 2813 1732 2911 eilalia.
1764 2835 1835 2917 qua
1868 2810 1980 2891 luxu-

90 3010 106 3036 κ
246 2930 285 3009 in
308 2928 376 3008 hac
398 2941 520 3033 parte:
551 2944 680 3009 cantor
704 2951 814 3018 vero,
833 2930 1012 3032 ‚quinon
1041 2928 1091 3008 est
1133 2928 1183 3006 ria
1221 2928 1444 3033 provocatur
1459 2954 1484 3007 :-
1510 2923 1825 3032 quemadmodum
1866 2923 1977 3003 etiam

169 3063 171 3068 ·
247 3039 423 3132 muficua,
453 3043 523 3122 nec
547 3045 656 3122 etiam
675 3041 745 3122 dici
770 3041 877 3122 debet
899 3042 1096 3145 prrtlicuu·
1132 3041 1183 3122 eit
1211 3042 1376 3146 quedam
1406 3039 1563 3146 species,
1594 3065 1675 3145 quae
1708 3038 1806 3142 sopit
1834 3033 1976 3140 uigilet,

247 3151 315 3236 nili
340 3157 492 3238 nomine
521 3153 714 3256 usurpato,
744 3156 828 3258 quia
858 3155 1007 3260 predica
1037 3171 1091 3236 tea
1134 3155 1172 3232 tr
1192 3155 1244 3236 eli
1263 3156 1349 3246 alia,
1365 3179 1447 3260 quar
1468 3157 1601 3235 excitat
1617 3154 1852 3233 dormientea.
1889 3147 1980 3230 Mu·

247 3283 358 3349 netur
417 3267 619 3372 procedere
673 3267 873 3349 secundum
933 3291 1091 3372 praecur·
1131 3263 1201 3347 lioc
1233 3269 1378 3370 mitigat
1413 3267 1629 3361 iracundus.
1659 3265 1775 3346 trillea
1807 3260 1976 3353 laetilimt.

246 3382 361 3462 rentlr
394 3381 570 3462 theoricae
602 3385 803 3472 rationem,
833 3377 923 3462 ficut
938 3385 993 3460 sin
1028 3381 1090 3462 ila·
1132 3383 1245 3461 variar
1270 3385 1515 3492 cogitationes
1537 3377 1675 3485 dillipat
1701 3379 1739 3457 δι
1761 3377 1806 3458 ab
1829 3377 1880 3456 eit
1907 3372 1978 3456 dis·

246 3497 358 3600 gogir
389 3497 611 3574 continetur.
661 3493 735 3576 Cui
770 3517 862 3594 ergo
897 3508 1089 3576 cantorem
1131 3489 1251 3572 solvit
1295 3491 1436 3576 Mufiot
1471 3495 1606 3584 mium.
1632 3491 1735 3595 quod
1769 3491 1885 3570 maior
1912 3488 1976 3579 est,

244 3609 331 3690 artis
357 3623 544 3710 expertem
571 3629 783 3710 comparare
804 3605 1013 3712 polluntur,
1036 3611 1096 3688 ni··
1130 3605 1273 3708 spiritur
1300 3607 1485 3709 malignos
1509 3618 1686 3708 perterret
1709 3605 1747 3683 δι
1769 3603 1898 3705 fugat,
1931 3597 1977 3680 ll·

245 3721 273 3803 ti
297 3722 400 3801 ebrio
436 3716 557 3801 versor
585 3720 710 3802 locu'm
747 3719 977 3824 propolituut
1008 3744 1090 3802 cur·
1130 3735 1196 3807 cut
1223 3721 1261 3798 ἃ
1287 3717 1408 3801 David
1436 3719 1614 3801 citharista
1640 3721 1680 3796 ln
1707 3717 1802 3796 libro
1829 3713 1979 3817 Regum

245 3835 365 3924 renti.
396 3833 453 3913 vel
480 3857 578 3914 caeco
604 3833 712 3913 alicui
741 3857 867 3915 canem
902 3835 1089 3916 uerberare
1130 3831 1265 3934 legitur
1293 3858 1315 3913 e
1343 3831 1449 3915 Saule
1476 3855 1564 3933 rege
1598 3827 1780 3910 obselloa
1807 3827 1979 3907 daemone

247 3945 413 4029 uolentil
441 3945 512 4029 Sed
538 3969 625 4026 cum
649 3945 830 4050 plurimos
854 3949 939 4027 talea
963 3962 1089 4027 canto-
1131 3947 1360 4027 daemonium
1400 3941 1584 4046 effugalie.
1629 3939 1676 4024 Et
1711 3939 1804 4021 nihil
1842 3941 1980 4020 mirum

241 4085 303 4144 rer
320 4057 607 4165 'perceperimus
646 4061 684 4139 ἃ
720 4059 931 4150 noscamur,
963 4061 1019 4138 in·
1039 4063 1090 4142 eis
1131 4059 1204 4151 est,
1226 4059 1417 4140 hominem
1439 4059 1571 4162 utpote
1590 4053 1720 4137 animal
1742 4052 1918 4133 muonale
1938 4052 1980 4129 in

245 4178 464 4276 contingere
487 4171 673 4262 videmus,
697 4172 802 4276 quod
829 4173 916 4254 dicit
942 4169 1091 4256 Baetim
1133 4170 1267 4253 mufice
1286 4171 1477 4266 delectari,
1502 4192 1589 4263 cum
1613 4170 1651 4248 ἀ
1672 4189 1803 4269 greges
1819 4163 1980 4268 quadru-

246 4291 293 4374 rie
316 4291 436 4369 minua
465 4286 643 4392 procellis
673 4286 711 4364 in
735 4286 836 4367 liuto
868 4284 1092 4369 consolatio-
1132 4287 1292 4390 pedam,
1312 4283 1477 4386 quaedam
1501 4305 1604 4370 avet,
1636 4279 1844 4384 &quidam
1865 4276 1980 4381 pilcea

247 4408 324 4497 nia,
354 4399 460 4508 quod
488 4398 558 4510 ipii
580 4398 666 4483 talea
700 4397 833 4483 vellem
864 4397 1092 4507 philosophi-
1130 4397 1278 4483 mulicae
1292 4393 1734 4480 rideanturobleilamine
1747 4389 1977 4498 permulceri.
