4750 6025
898 562 1556 691 P'RAEFATIO.

446 788 650 899 Parcior
672 780 884 930 quidem
916 775 986 884 est
998 777 1244 886 FRnNco
1264 757 1315 881 in
1346 772 1635 886 erciscendis
1659 772 1858 889 mulleis
1890 794 2091 929 tempo-

371 946 537 1071 ribus,
563 971 786 1047 necnon
818 935 1212 1045 MARCHETUS
1243 928 1526 1061 deradua,
1568 943 1710 1041 cuius
1751 967 1926 1083 praeter
1948 943 2095 1048 Luci-

342 1102 567 1227 .durium
594 1080 779 1223 mustcae
801 1089 996 1241 pluuae,
1035 1090 1308 1230 pomerium
1337 1122 1550 1235 quoque
1574 1088 1761 1222 mrficae
1781 1089 2093 1235 mensuraria,
2284 1173 2286 1197 .

372 1266 558 1403 inquo
594 1245 801 1357 subinde
832 1247 1217 1353 FRANOONEM
1248 1241 1479 1365 nostrum
1510 1253 1562 1351 in
1595 1244 1792 1353 scenam
1836 1252 2095 1395 producit,
2285 1337 2286 1348 .

373 1413 570 1518 edimus
595 1405 697 1510 hoc
726 1390 989 1509 volumine
1016 1388 1130 1539 post
1154 1392 1936 1543 Eliaerrconomsscientiam
1962 1394 2096 1534 artis
2283 1391 2286 1405 ¹

373 1564 593 1698 mustcae,
626 1594 689 1665 ex
709 1592 811 1705 qua
836 1560 888 1659 in
918 1549 1088 1659 fronte
1114 1549 1265 1696 huius
1295 1549 1571 1663 voluminis
1599 1564 1872 1696 imaginem
1903 1558 2098 1707 expres.
2285 1575 2286 1656 ζ

373 1716 527 1831 fimus
557 1714 639 1823 scu
663 1708 879 1851 figuram
908 1712 1221 1813 cantantium
1244 1700 1469 1855 quatuor
1524 1709 1739 1826 vocibus
1762 1706 1960 1858 (prout
1997 1714 2098 1861 ipse

87 1872 92 1991 ἓ
221 1923 224 1928 ·
373 1914 482 1986 rem
514 1910 564 2019 p.
584 1900 676 2015 59.
707 1862 975 2019 explicat),
1014 1895 1211 1966 annexa
1240 1858 1413 1968 tabula
1441 1865 1666 2009 magistri
1694 1868 1912 1976 Nicolui
1933 1868 2099 2007 deLuf
2129 1912 2133 1917 ·

87 2052 91 2089 ⁵
376 2029 516 2141 duno.
575 2030 630 2133 In
654 2020 960 2130 haccernere
988 2015 1056 2123 est
1074 2051 1231 2155 genus
1248 2042 1489 2124 notarum
1514 2023 1837 2129 caudatarum
1867 2021 2096 2157 ulterius,
2150 2090 2153 2093 ⁴

377 2222 537 2336 quam
563 2190 616 2287 in
644 2212 797 2323 opere
820 2176 1064 2281 decanto
1084 2171 1138 2277 &
1154 2165 1346 2278 mufiea
1355 2170 1423 2280 T.
1439 2175 1492 2281 ll.
1506 2209 1556 2318 p.
1580 2206 1709 2320 124.
1724 2186 2019 2288 notavimus
2035 2212 2101 2289 ex

378 2346 610 2452 lonuna
642 2328 911 2454 deMuris,
936 2332 1026 2475 qui
1053 2326 1192 2469 apud
1207 2327 1481 2437 Butraunr
1503 2330 1642 2466 Htst.
1660 2325 1797 2441 aeurl
1815 2327 1986 2477 Purafi
2027 2333 2096 2444 T.

377 2497 461 2608 tv.
484 2533 534 2639 p.
552 2500 693 2636 963.
722 2498 843 2591 cum
867 2486 1115 2590 IOANNE'
1145 2477 1205 2589 rle
1229 2486 1521 2629 Lignerr'is,
1571 2494 1654 2591 cui
1692 2478 2102 2599 familiariffimus

377 2646 515 2759 fuisse
546 2638 864 2791 perhibetur,
906 2645 1034 2790 inter
1065 2636 1432 2745 mathematica
1463 2636 1684 2747 scientiae·
1705 2643 1968 2783 magistros
2011 2650 2103 2754 do·
2223 2737 2225 2740 .

378 2794 626 2916 ffiffimos
663 2792 1010 2920 recensetum*
1029 2799 1172 2898 cuius
1197 2786 1404 2932 ‘generis
1443 2798 1680 2944 quaedam
1720 2805 1826 2904 cius
1866 2800 2105 2946 opuscula
2285 2929 2287 2937 ,

378 2956 495 3075 Mff.
529 2957 613 3069 me
635 2964 687 3064 in
716 2947 1022 3064 bibliotheca
1053 2944 1224 3063 caesar.
1245 2953 1294 3063 V
1290 2946 1453 3060 indob.
1487 2948 1659 3060 vidiffe
1688 2962 1914 3063 memini

383 3259 388 3366 j
456 3217 672 3338 Videtur
697 3243 871 3326 autem
905 3211 1138 3322 laudatus
1176 3215 1447 3326 BULAEUS·
1471 3219 1612 3325 hunc
1637 3221 1921 3340 lonnnssnr
1961 3261 2105 3334 eum.

380 3385 500 3491 dem
530 3377 691 3488 facere
720 3409 778 3482 ac
805 3377 1124 3480 luminun-
1145 3365 1451 3501 deMurir„
1476 3409 1635 3523 quem
1653 3377 1833 3521 postea
1855 3375 1950 3490 l.c.
1988 3417 2100 3526 pag.
2287 3468 2288 3507 ἦ

383 3568 521 3684 937·
555 3549 745 3658 notat,
813 3523 980 3666 mense
1007 3521 1279 3634 Decembri
1306 3563 1387 3638 an.
1434 3557 1605 3674 1350.
1637 3529 1861 3682 electum
1888 3532 1981 3642 effe
2007 3540 2106 3646 Re.

382 3693 583 3802 olorem
609 3677 954 3804 univerfitatis.
1032 3682 1149 3788 Nos
1177 3715 1304 3788 vcro
1330 3679 1472 3790 illum
1504 3685 1789 3796 constanter
1813 3689 2103 3800 loannem

381 3845 578 3957 ditium
606 3849 883 3985 reperimus
905 3845 958 3942 in
989 3843 1133 3942 variis
1151 3844 1254 3945 eius
1278 3837 1512 3982 operibus
1546 3857 1868 3985 aut'operum
1889 3847 2100 3985 digestis,
2287 3884 2288 3967 3

187 4037 193 4049 '
383 4039 495 4149 quae
523 4002 749 4134 edim-us,
782 4019 1116 4138 praeterquam
1149 3987 1522 4135 eiusspeculum
1552 3994 1771 4130 nasta,
1797 4004 1942 4144 quod
1958 4007 2104 4109 pari·

362 4155 468 4293 fris
494 4153 748 4262 servatum
777 4143 1079 4293 completius
1103 4157 1208 4252 cius
1239 4182 1368 4294 opus
1395 4153 1735 4301 grandiusque
1752 4151 1846 4261 effe
1877 4181 2101 4299 oportet,

383 4313 596 4463 quodve
626 4303 673 4414 se
698 4307 875 4414 totum
905 4299 1003 4409 fere
1027 4296 1188 4441 legrss'e
1216 4303 1259 4411 Ι.
1289 4305 1685 4413 LRoussuau-
1716 4316 1767 4414 in
1798 4313 1919 4416 Lex.
1958 4305 2107 4452 Mufi

383 4503 432 4616 p.
453 4478 587 4607 318.
614 4461 791 4570 iatlat:
832 4451 1079 4593 l’uis.(ait
1089 4457 1154 4569 V.
1172 4449 1384 4604 musica)
1401 4495 1457 4565 en
1478 4457 1533 4566 le·
1545 4460 1820 4609 courugede
1841 4464 1943 4591 ¹lirr
1961 4488 2104 4610 pres.
2283 4376 2288 4637 l

383 4661 472 4770 que
498 4624 685 4742 entier,
711 4639 838 4760 pour
850 4649 893 4751 y
921 4611 1160 4747 constater
1189 4610 1476 4723 liuvention
1505 4649 1594 4760 que
1621 4615 1721 4724 l⁵on
1742 4615 1961 4727 attribue
1975 4661 2008 4726 a
2025 4639 2104 4727 cet

383 4797 569 4886 auteur.
650 4769 853 4878 Fallitur
879 4803 1036 4894 vero,
1069 4769 1195 4873 dum
1222 4794 1368 4874 notas
1397 4764 1599 4876 musrcae
1619 4765 1844 4910 figuratae
1858 4804 1983 4881 tunc
2013 4783 2103 4883 cir·

383 4969 441 5040 ca
470 4967 548 5038 an.
576 4956 744 5066 1330.
758 4923 988 5031 ultimam
1021 4929 1494 5081 augmentationem
1506 4921 1746 5071 ¹accepiffc
1771 4929 1908 5056 dicit,
1928 4933 2102 5039 utiam

1832 5079 2024 5190 ob·
