4750 6025
887 522 1223 616 MA'RGHETI
1265 522 1347 614 DE
1387 519 1595 612 PADUA

429 1487 596 1600 Oportet
622 1498 750 1588 eninr,
777 1449 884 1602 duod
914 1520 988 1576 una
1012 1495 1146 1599 species
1172 1496 1342 1599 diapente
1369 1517 1419 1575 ex
1440 1491 1550 1600 seipsa
1566 1493 1768 1596 formetur.
1819 1491 1868 1582 'Si
1892 1514 1986 1574 vero
2016 1487 2132 1572 tertia

371 1608 510 1713 species
534 1605 774 1698 diateffaron,
806 1622 848 1690 nt
870 1605 936 1711 ipit
959 1607 1141 1697 dicebant,
1167 1607 1342 1688 formaret
1364 1610 1507 1688 tertiam
1530 1605 1687 1710 speciem
1710 1605 1905 1737 diapente,
1928 1618 1974 1686 nt
1997 1602 2089 1684 bic:
2299 1624 2300 1627 ‘

1244 2185 1285 2266 de
1306 2187 1558 2293 quodquam
1581 2186 1718 2292 species
1741 2187 1962 2298 diateiiaron
1984 2187 2132 2270 forma-

1282 2313 1299 2379 t
1317 2316 1481 2405 quartam
1494 2301 1676 2425 diapente
1694 2301 1880 2410 speciem,
1899 2319 1945 2387 ιιι
1957 2305 2053 2387 -hict

372 2927 456 2986 non
472 2900 586 2984 effent
608 2917 771 3007 quatuor
789 2902 927 3007 species
947 2903 1154 3017 diapentea
1171 2916 1272 3006 parte
1289 2905 1482 2986 locationis
1498 2897 1632 2986 ordine
1646 2906 1860 2990 differenter
1870 2935 1883 3007 3
1906 2933 1995 2988 nam
2010 2912 2141 3016 prima

372 3040 463 3101 curn
488 3030 616 3119 quarta
640 3038 715 3095 una
732 3010 841 3107 esset,
867 3014 1025 3095 existens
1049 3038 1099 3095 ex
1123 3029 1240 3107 ιοιιο,Ι
1270 3018 1464 3099 semitonio
1486 3018 1524 3097 de
1543 3019 1692 3101 duobus
1713 3024 1836 3112 tonis,
1859 3037 1905 3103 ut
1924 3023 2014 3103 hic:
2065 3059 2071 3067 ·

372 3526 451 3613 Sed
485 3523 551 3631 ipfi
583 3522 730 3629 poffent
764 3524 914 3609 dicere:
962 3512 1135 3607 volumus
1169 3526 1388 3608 constituere
1419 3527 1528 3609 harre
1549 3543 1717 3644 quartam
1752 3533 1916 3641 speciem
1956 3536 2144 3647 diapente

374 3664 444 3745 per
469 3630 490 3741 *i
518 3636 721 3719 secundum
747 3650 923 3729 acutum,
957 3650 1103 3717 utnon
1130 3634 1174 3717 iit
1197 3640 1337 3741 prima,
1366 3652 1410 3720 nt
1431 3635 1514 3720 hir:
1675 3662 1679 3669 ·

392 3894 568 3954 m
604 3883 796 3952 m
811 3888 976 3950 ,-
1017 3809 1108 3877 tunc
1130 3795 1306 3889 dicimur.
1331 3799 1434 3903 quod
1457 3781 1629 3885 nouerit
1649 3802 1829 3887 dissin'rilir
1853 3810 1900 3889 ab
1925 3810 1987 3892 illa
2014 3794 2146 3917 speeie

387 3945 513 4021 3¹¹¹
552 3957 848 4016 nm·-
873 3957 976 4016 u
1019 3907 1207 4010 diapente,
1235 3932 1317 4011 qua
1335 3913 1386 3989 est
1404 3913 1449 4025 ab
1469 3910 1498 3991 F
1513 3917 1615 4014 gravi
1628 3913 1674 3994 ad
1693 3938 1714 3994 c
1732 3933 1888 4014 acutam
1913 3946 1985 4027 per
2007 3922 2147 4033 dispo·

443 4064 445 4069 .
1018 4016 1184 4098 iitionenr
1218 4022 1328 4120 primi
1354 4044 1373 4099 c
1399 4026 1522 4119 acuti;
1560 4047 1644 4103 nant
1676 4041 1835 4133 unaque
1862 4033 2058 4121 formatur
2090 4058 2153 4123 ex·

1017 4128 1163 4209 duobur
1186 4132 1288 4209 tonis
1311 4132 1349 4211 ἃ
1370 4131 1565 4213 semitonio
1586 4137 1626 4214 dc
1646 4150 1765 4229 tono,
1797 4143 1951 4227 ut-hier

373 4614 414 4695 dt
434 4609 488 4690 fic
508 4632 586 4691 non
607 4621 718 4703 erunt
742 4620 910 4711 quatuor
923 4606 1058 4707 species
1076 4604 1246 4707 diapente
1267 4605 1397 4686 ordine
1416 4607 1624 4693 differenter
1643 4618 1731 4702 ,ter
1755 4620 1877 4703 soinrn
1903 4644 2009 4715 tres:
2041 4660 2149 4740 ergo

372 4722 426 4805 tic
453 4722 530 4809 eii.
561 4719 671 4826 quod
694 4721 799 4798 tertia
827 4718 962 4818 species
988 4716 1158 4819 diapente
1186 4716 1309 4817 surgat
1334 4717 1381 4797 de
1401 4718 1529 4822 feipst,
1561 4726 1731 4811 constane
1753 4756 1803 4814 ex
1817 4741 1940 4823 tribue
1955 4748 2074 4829 toni.
2101 4752 2148 4830 ἀ

372 4834 602 4925 semitonio,
632 4846 677 4913 ιιι
702 4830 756 4915 est
781 4828 828 4908 ab
853 4825 884 4907 F
905 4827 1033 4929 gravi,
1062 4824 1109 4905 ad
1130 4848 1151 4904 c
1173 4842 1321 4906 acutum
1343 4852 1409 4932 per
1430 4830 1708 4941 dispofitionern
1731 4842 1927 4964 secundia
1945 4860 2075 4953 ιοιιιί,
2101 4864 2148 4949 ει

372 4949 416 5033 in
441 4946 552 5026 omni
575 4942 692 5036 loco.
721 4941 785 5021 ubi
809 4938 890 5019 trlit
913 4938 964 5019 est
986 4935 1198 5019 coriandio
1221 4936 1420 5033 sonorum.
1445 4956 1489 5026 ut
1510 4942 1596 5029 hier
