4750 6025
837 579 1060 664 sunrrrn
1102 578 1365 669 uusrorr.

509 761 615 849 nter
644 764 682 843 io
711 758 779 843 huc
806 774 884 843 erte
911 761 1071 843 binarius
1100 760 1170 843 elle
1198 762 1363 857 videtur,

512 877 609 976 (Quo
638 874 833 964 naturalis.
861 872 1142 954 instrumentalis
1170 874 1351 958 hebetur:

514 988 852 1092 Contemplatirnnr
881 985 992 1069 docet
1020 985 1174 1068 ecclelic
1201 990 1444 1082 inreritum,

438 1095 439 1099 ‘
512 1101 634 1207 Atque
661 1126 725 1205 prr
749 1099 896 1180 notram
923 1100 1056 1201 pariter
1084 1100 1203 1189 ridens
1229 1102 1447 1183 redimitrmr

481 1220 483 1227 ’
513 1214 663 1315 Tertius
689 1214 777 1291 hinc
802 1212 960 1291 binarius
985 1212 1056 1305 ess.
1085 1208 1127 1291 fit
1153 1234 1314 1318 namque
1338 1214 1489 1317 plagulis

409 1412 413 1423 ,
514 1327 654 1410 Cantus
678 1328 714 1404 δι
737 1322 954 1413 authentus,
972 1322 1076 1411 ,fnum
1101 1322 1258 1404 foruna.
1274 1326 1325 1405 cll
1350 1326 1521 1429 specialis.

514 1438 574 1520 Sic
599 1438 637 1518 sc
661 1440 698 1517 iu
725 1433 870 1517 ecclelia
896 1410 1080 1535 duplicem
1106 1434 1278 1517 sollemne
1303 1462 1489 1531 amorem,
1537 1463 1542 1469 ·

414 1562 415 1567 '
513 1550 681 1655 Vultquc
704 1547 809 1631 Deus
835 1550 1020 1651 prinum.
1047 1546 1110 1627 sed
1137 1552 1329 1651 proximus
1357 1552 1581 1633 ulteriorem

512 1662 613 1745 Hinc
641 1664 809 1742 trinarius
839 1659 1113 1763 estutrobique
1140 1676 1328 1766 repertus,
1356 1678 1485 1768 acutus

512 1774 685 1879 Namque
709 1796 856 1875 gravem
880 1769 1065 1873 sequitur.¹
1092 1795 1204 1875 quern
1227 1773 1460 1879 consequitur
1480 1789 1695 1882 peracutus:

512 1886 573 1969 Est
600 1890 637 1966 δι
664 1889 702 1965 in
728 1882 873 1965 ecclelia
897 1884 1019 1964 cordis
1042 1886 1220 1965 contritio
1246 1888 1408 1988 primurn

513 1998 579 2082 Ob
603 1995 761 2103 peccasse
782 1996 936 2088 dolens,
964 1997 1063 2075 venit
1084 1993 1172 2081 lrinc
1195 2020 1313 2100 opus,
1342 2001 1419 2081 exit
1439 2001 1485 2081 ed
1509 2003 1637 2083 iruurn.

502 2106 603 2200 -Haec
625 2114 694 2191 trie
718 2109 805 2190 dant
830 2110 921 2199 arti,·
950 2110 1032 2199 ras.
1054 2108 1214 2198 chorda,
1239 2108 1428 2203 foramen.
1457 2112 1670 2213 honoretur

363 2244 365 2251 ⁴
513 2224 586 2305 Sed
613 2226 679 2309 tria
705 2222 788 2303 sunt
810 2220 890 2325 spes
912 2232 1022 2323 atque
1044 2216 1156 2311 fides,
1186 2218 1214 2299 li
1236 2223 1358 2323 iungis
1381 2246 1557 2305 amorem.

514 2335 617 2416 Sicut
639 2336 747 2413 hebet
767 2338 947 2437 primum,
973 2330 1156 2421 medium,
1182 2330 1292 2411 linem
1314 2357 1465 2440 qnoque
1484 2338 1640 2439 psalmus
1652 2361 1666 2434 3

434 2444 439 2456 '
513 2446 575 2529 Sic
598 2462 670 2526 tres
693 2444 776 2525 sunt
798 2442 979 2533 Genitor,
1009 2441 1150 2549 Nptus,
1178 2467 1330 2547 quoque
1349 2443 1504 2547 Spiritus
1525 2449 1651 2534 alnus.

513 2558 646 2640 Prosus
672 2558 780 2637 babet
804 2557 943 2644 socios.
974 2576 1061 2635 curn
1088 2570 1238 2657 quartus
1263 2554 1307 2637 lit
1328 2555 1537 2652 sociorum:

512 2668 674 2754 Ecclesrae
703 2668 785 2748 libri
815 2681 873 2749 tot
899 2668 982 2748 lunt
1009 2664 1302 2767 Evangeliorunn
1390 2681 1394 2687 '

513 2782 688 2878 Quat'uor
714 2794 756 2861 ut
780 2776 896 2861 claves
921 2780 1086 2881 proprios
1112 2778 1371 2879 cognoscimus
1398 2780 1559 2863 horumz

511 2893 593 2975 Tot
616 2916 769 2997 quoque
794 2894 944 2973 virtuter
969 2890 1166 2970 hominum
1192 2890 1376 2993 cognosce
1400 2892 1599 2977 bonorum.

512 3006 567 3086 Sit
591 3004 774 3112 prudens,
789 3002 941 3094 sullus,
971 3000 1014 3084 ur
1038 3000 1168 3094 sortis.
1197 3000 1241 3084 lit
1265 3004 1493 3098 moderetur,

513 3118 594 3216 Qui
623 3141 688 3221 per
717 3119 866 3196 virtutes
895 3113 1067 3195 desiderat
1096 3111 1330 3199 sisebertus

511 3229 612 3310 Hinc
637 3227 779 3330 signent
803 3249 959 3320 coccus,
989 3225 1227 3330 hyacinthus,
1258 3250 1445 3330 purpure,
1475 3228 1621 3334 byllur,'

514 3339 724 3437 Quodlibet
750 3340 901 3433 iliorum
930 3337 1048 3420 iuuat
1075 3337 1180 3420 color
1208 3338 1254 3418 cd
1283 3338 1363 3441 lega
1392 3337 1527 3427 nilion

513 3452 661 3555 Septem
689 3451 859 3536 litterulae
885 3449 1002 3532 clover
1031 3449 1114 3532 sunt
1141 3450 1403 3533 articuloromr
1661 3446 1665 3455 ’

511 3561 626 3645 Hunc
651 3563 700 3642 st,
715 3565 754 3644 in
779 3561 925 3646 eoeleste
949 3585 1147 3643 numerum
1171 3563 1232 3642 dic
1256 3560 1326 3642 esse
1349 3561 1555 3655 sacrorum,

513 3675 684 3780 Corpus,
713 3675 931 3780 baptismus,
960 3673 1175 3764 confirmet,
1206 3675 1375 3776 inungit,
1407 3677 1445 3752 ἃ
1468 3678 1585 3769 ordo,

514 3786 819 3892 coniugiumque
844 3787 1006 3877 lacrum.
1035 3788 1261 3890 postremum
1286 3787 1469 3871 confiteor
1493 3790 1555 3871 do.

513 3897 663 4003 Septem
691 3899 774 3982 sunt
801 3899 943 3990 clares.
974 3922 1054 4001 quc
1082 3895 1265 3982 sufficiunt
1292 3902 1331 3978 in
1359 3901 1499 3983 ocutis:

512 4009 591 4093 Dat
615 4008 720 4094 Deus
748 4009 903 4098 esclellae
931 4009 1067 4114 septem
1096 4010 1157 4092 sua
1185 4010 1282 4090 done
1310 4007 1441 4093 salutis

513 4121 604 4206 Siste
632 4137 744 4204 tonos
772 4125 880 4216 otio.
912 4123 1005 4204 bene
1029 4121 1056 4202 fi
1080 4121 1217 4205 suerint
1245 4123 1449 4203 numeratis

514 4234 576 4318 Sic
602 4237 639 4315 ἃ
666 4237 704 4315 in
733 4235 878 4317 ecclesia
904 4234 1001 4324 scio,
1032 4233 1137 4338 quod
1163 4232 1233 4314 lint
1261 4233 1347 4315 uilo
1376 4234 1482 4313 besti.

512 4345 657 4431 Mulier
685 4347 776 4430 dista
805 4365 939 4429 notem
969 4359 1072 4430 tenet
1099 4345 1284 4424 intervalla
1312 4344 1516 4426 soumumr

514 4455 597 4540 Tot
619 4484 769 4564 quoque
792 4458 981 4562 spirituum
1006 4457 1089 4539 sunt
1109 4461 1257 4559 agurius
1280 4456 1394 4550 seusu
1418 4459 1616 4550 bonorum,

515 4574 687 4658 Articulis
717 4573 823 4678 denis
848 4585 890 4652 ut
917 4567 1012 4652 linea
1040 4570 1294 4655 consociaturr

517 4687 599 4790 Qui
627 4686 719 4766 liber
748 4686 797 4767 eli
825 4681 948 4787 Moy-u
974 4695 1033 4766 tot
1061 4696 1239 4786 precepta
1267 4681 1476 4792 inmolatur.

514 4797 636 4902 lunge
664 4821 799 4882 norem
829 4796 952 4887 deur,
982 4793 1031 4876 lic
1058 4793 1230 4880 articulos
1259 4797 1489 4878 numerabirr

516 4907 669 5014 Totque
698 4910 818 4992 modis
846 4907 1016 4989 homiues
1044 4931 1146 4989 nunc
1174 4905 1328 4988 ecclesie
1357 4906 1515 4987 variabis

516 5019 578 5112 Est
605 5023 739 5116 meust
769 5023 1008 5130 peregrinus.
1037 5019 1313 5210 eqnanlssdii,
1344 5021 1467 5109 bonus
1493 5011 1645 5123 hospes.
