4750 6025
410 599 529 722 390
729 605 731 610 ’
1000 580 1552 675 consrtnunrouus
1697 640 1700 644 -

405 794 469 863 rut
483 776 603 874 saltem
618 774 882 878 inpostaque
895 767 1255 873 estsnmingrellum
1298 758 1777 872 buipsmodiur'egtliaipffi
1800 763 2035 860 cantoribus.
2064 788 2154 848 ous-

406 895 572 999 porticus
592 889 628 970 S.
646 887 766 978 Petri,
797 909 874 965 nun
901 883 1129 974 interfuerit,
1160 907 1257 984 pun·
1300 908 1364 964 nes
1380 897 1568 974 cantores.
1592 883 1657 986 qui
1676 894 1845 984 tempore
1868 882 2063 960 creationis
2078 903 2156 960 nu-

407 1007 561 1087 dabitur
586 1003 625 1082 in
650 1000 746 1084 iuliis
763 999 900 1082 decena.
947 994 994 1078 Et
1016 1021 1136 1093 novus
1157 995 1258 1077 Pon·
1298 1000 1337 1077 vi
1358 995 1469 1103 iplius
1495 993 1821 1094 Cardinaliserant
1840 995 1878 1073 in
1892 992 2058 1076 Romana
2081 1016 2154 1074 cn·

405 1118 498 1200 tifex
520 1117 630 1196 debet
649 1115 735 1193 date
753 1111 957 1214 Magistro,
981 1109 1147 1201 sacriste,
1171 1131 1257 1190 can·
1291 1113 1350 1189 ria
1371 1107 1561 1215 pratenses
1579 1108 1618 1188 de
1638 1107 1914 1210 participantes,
1944 1101 2081 1187 etiamn
2098 1103 2153 1185 es-

406 1233 571 1320 toribus,
601 1228 818 1330 capellanis.
842 1221 987 1304 clericis
1007 1223 1145 1312 altaris,
1172 1221 1258 1302 scri·
1291 1221 1377 1302 lent
1404 1221 1561 1312 infirmi,
1590 1220 1734 1301 debent
1747 1220 1794 1300 de
1811 1219 2028 1303 huiusmodi
2043 1241 2154 1324 rega·

406 1344 578 1448 peoribus
597 1342 635 1420 dr
651 1338 795 1419 custodi
811 1357 943 1418 caunas
964 1351 1125 1439 quatuor
1145 1330 1260 1438 panni
1298 1335 1393 1419 libus
1407 1335 1644 1438 participare.

406 1456 473 1540 fini
497 1455 622 1543 rubei,
653 1452 822 1531 videlicet
847 1473 970 1550 granas
986 1447 1042 1528 uel
1062 1447 1171 1528 rotati
1185 1473 1259 1552 pro
1543 1441 1686 1528 Cusus
1714 1442 1908 1546 XXXlll.

399 1567 608 1676 quolibet„
628 1567 669 1644 dc
689 1563 872 1666 duplicem
898 1563 1105 1652 maasiam,
1148 1563 1186 1642 dc
1216 1586 1261 1642 u·
1356 1559 1415 1651 De
1437 1563 1594 1660 exequiis
1617 1556 2090 1660 Summaruml'ontificum.

406 1706 493 1764 nant
514 1693 652 1761 cottam
674 1677 753 1757 tela
775 1677 949 1766 cortinae,
978 1675 1017 1754 te
1036 1677 1073 1753 in
1093 1673 1261 1777 quolibet
1359 1673 1525 1772 Quando
1553 1673 1685 1755 summi
1712 1671 1902 1754 Pontifieis
1930 1673 2014 1754 sunt
2056 1670 2155 1771 cele·

407 1794 599 1898 septennio
630 1793 678 1871 in,
706 1790 982 1870 coniectatione
1018 1786 1147 1888 Agnus
1184 1785 1258 1868 Dei
1300 1790 1447 1870 beanda
1463 1791 1649 1891 exequie,
1674 1809 1805 1864 omnes
1825 1801 1992 1866 cantores
2012 1783 2154 1866 seson-

416 1911 525 1988 etiam
543 1904 651 1984 debet
668 1905 866 2004 unicuique
882 1902 1025 1980 cantori
1045 1900 1129 1981 dare
1146 1922 1259 1981 unaur
1301 1903 1446 1981 stituere
1464 1900 1599 1979 debent
1619 1901 1657 1978 in
1673 1897 1838 1979 &Petro
1861 1899 1932 1978 luis
1957 1899 2070 1979 cottis
2094 1901 2153 1979 in·

407 2031 547 2102 cottam
573 2016 653 2097 telae
676 2014 884 2095 Turchinae.
1301 2015 1404 2106 duti,
1436 2016 1473 2094 de
1500 2029 1696 2118 antequam
1725 2016 1953 2118 incipiantur.
1968 2013 2153 2117 exequiae,

659 2127 802 2215 Carus
832 2121 1007 2207 XXXll.
1300 2127 1410 2208 debet
1433 2131 1650 2208 camerarius
1672 2127 1814 2207 solvere
1833 2151 1964 2208 cannas
1989 2141 2155 2230 quatuor

426 2243 484 2330 De
505 2238 686 2343 regalibus
706 2256 773 2339 per
797 2262 907 2320 novos
931 2237 1136 2320 Cordinules
1157 2261 1241 2320 can·
1299 2243 1413 2345 panni
1426 2243 1525 2342 nigri
1541 2242 1665 2343 pritnae
1682 2241 1786 2320 sortis
1802 2264 1873 2344 pro
1888 2238 2155 2345 quolibotMu·

659 2353 797 2432 toribus
818 2351 1008 2452 solonrdis.
1150 2425 1158 2439 ,
1299 2355 1434 2456 gistro,
1462 2352 1626 2446 sacrista,
1667 2354 1902 2442 cantoribus,
1939 2349 2153 2455 capellanis.

464 2471 564 2554 Cum
583 2465 758 2550 Pontifex
781 2465 863 2568 post
884 2467 1108 2558 creationem
1130 2463 1260 2548 Cardi-
1300 2464 1439 2547 clericis
1462 2466 1602 2558 altaris,
1634 2465 1873 2570 scriptoribus
1895 2466 1932 2543 dc
1947 2465 2092 2545 custodi
2107 2463 2155 2544 li·

407 2585 545 2666 naliunt
566 2577 723 2660 intendit
747 2602 874 2658 aureos
896 2577 1053 2658 annulos
1078 2579 1176 2660 latiis
1202 2578 1259 2657 lo-
1299 2580 1483 2676 brorutn3
1515 2579 1553 2657 de
1578 2600 1644 2694 per
1668 2603 1805 2658 nouem
1831 2580 1908 2657 dies
1936 2577 2155 2658 decantatur

406 2699 481 2778 litis
510 2693 731 2775 ceremoniis
764 2690 845 2793 ipsas
867 2690 1119 2772 cardinalibus
1150 2687 1259 2790 novi·
1298 2688 1405 2771 Milia
1433 2715 1501 2794 pto
1524 2690 1726 2786 defundis,
1758 2685 1985 2793 &quotidie
2013 2690 2155 2769 deben-

406 2823 463 2894 ter
482 2811 521 2888 in
537 2805 687 2910 publico
708 2801 921 2884 constitutio
941 2804 1084 2885 tradere
1107 2804 1166 2885 seu
1186 2803 1261 2883 do·
1299 2817 1361 2884 tur
1382 2802 1464 2898 ipsus
1483 2800 1697 2893 cantoribus
1719 2803 1921 2884 facularum
1942 2823 2033 2883 cerae
2049 2803 2154 2884 librae

406 2946 514 3013 nare,
545 2934 636 2999 tunc
655 2942 789 3004 ,omnes
814 2931 983 2996 cantores
1008 2920 1117 2996 cottis
1149 2917 1257 2997 indu·
1298 2917 1562 3022 quadraginta,
1581 2917 1620 2996 tr
1639 2915 1721 2998 duae
1740 2922 1865 2996 torcia
1880 2917 2040 3021 ipsarum
2064 2940 2153 2996 ere-

404 3038 434 3115 ti
449 3046 645 3121 tenentur,
665 3032 702 3109 δι
728 3033 830 3109 iuxta
852 3029 1008 3109 formam
1032 3034 1258 3110 ceremonia·
1295 3033 1480 3135 qmarum,
1498 3054 1578 3134 qua
1594 3031 1719 3111 torcia
1737 3030 1944 3131 diuidendae
1959 3030 2041 3111 sunt
2054 3028 2155 3110 duo-

316 3168 319 3173 ·
405 3148 451 3226 lis
473 3160 641 3249 tempore
662 3165 833 3243 congruo
853 3140 1042 3222 decantare
1070 3140 1122 3221 Te
1138 3140 1257 3222 Deum
1298 3146 1368 3225 bus
1391 3146 1519 3247 primis
1542 3146 1753 3223 cantoribus
1780 3144 2078 3245 antiquioribus.
2108 3142 2153 3223 de

405 3255 485 3349 &a
517 3257 555 3336 dc
573 3270 702 3337 motor
728 3279 747 3333 a
776 3252 956 3358 pramiffis
978 3251 1102 3334 absens
1127 3256 1256 3358 perdet
1295 3254 1489 3337 succeffive
1513 3282 1579 3360 per
1605 3255 1780 3336 ordinem·
1801 3253 2032 3357 lingulariter‘
2053 3258 2153 3337 inter

404 3370 540 3473 regalia
556 3390 603 3448 ex
621 3368 723 3473 pileis
743 3366 803 3446 seu
823 3390 871 3444 ex
890 3369 1074 3447 creatione
1090 3368 1253 3470 ipsorum
1297 3370 1387 3450 alios
1409 3384 1577 3450 mntores
1604 3368 1795 3472 praesentes
1822 3370 1953 3471 usque·
1969 3370 2007 3447 in
2037 3369 2151 3451 finem

404 3480 655 3564 Cardinalium
687 3482 962 3583 provenientia:
1008 3504 1089 3584 quae
1120 3482 1253 3583 regalia
1296 3482 1472 3563 dldarurn
1492 3484 1749 3586 exequiarum,
1774 3483 1812 3560 da
1829 3481 1875 3560 de
1890 3481 2153 3564 distributione

403 3596 486 3676 sunt
507 3596 656 3696 triginta
683 3593 802 3673 ducati
830 3594 928 3669 aurei
948 3598 1027 3673 auri
1045 3592 1092 3671 de
1112 3614 1252 3673 camna
1297 3596 1497 3675 torciarunr
1529 3594 1744 3676 huiusmodi
1765 3611 1933 3673 cantaret
1960 3616 2040 3675 non
2067 3620 2153 3699 par-

401 3706 614 3811 aquolibet
645 3703 838 3786 Cardinale
865 3708 1009 3783 noviter
1034 3718 1157 3784 creato
1182 3706 1254 3784 dol·
1295 3709 1511 3809 ticipabunt.
1541 3707 1708 3799 Cantor,
1739 3709 1803 3811 qui
1832 3706 1956 3786 absens
1988 3704 2152 3789 lueritat
2265 3721 2266 3734 ¹

403 3820 512 3899 uendi
535 3818 690 3922 prefatis
720 3817 950 3907 cantoribus,
983 3816 1021 3894 da
1042 3820 1081 3895 in
1103 3832 1250 3907 eventu,
1296 3821 1456 3922 qualibet
1476 3818 1581 3927 Milia
1603 3822 1866 3923 exequiarum.
1896 3846 1978 3901 non
2002 3824 2153 3925 partici-

402 3934 441 4011 in
469 3954 547 4036 quo
577 3930 711 4011 solutio
729 3925 924 4039 ditiorum
957 3926 1132 4029 regalium
1163 3945 1254 4009 tunc
1295 3933 1396 4032 pabit
1418 3934 1465 4012 de
1487 3933 1668 4035 regalibus
1692 3931 1800 4036 ipiius
1826 3932 1964 4024 Mina,
1993 3958 2065 4037 qua
2086 3935 2152 4013 de·

402 4066 467 4147 per
487 4042 584 4149 ipsos
607 4040 815 4123 Caedinales
834 4040 920 4120 fade
943 4064 1020 4123 non
1037 4042 1169 4134 luerit,
1191 4042 1253 4122 led
1294 4044 1426 4135 fuerit.
1458 4046 1496 4123 dr
1521 4044 1566 4125 de
1589 4046 1717 4126 faculis
1738 4044 1844 4150 ipfius
1865 4048 1937 4124 diei
1958 4048 2151 4151 participe·

401 4154 979 4259 postmodumalioquocumque
994 4155 1252 4256 temporefne·
1294 4156 1350 4236 bit
1369 4170 1555 4261 tamquam
1578 4156 1767 4247 infirmus,
1799 4159 1838 4237 &
1853 4159 2089 4262 pundabitor
2106 4162 2148 4238 in

399 4272 448 4349 rit
471 4266 659 4358 solutum,
691 4280 881 4355 cantores,
922 4268 986 4368 qui
1013 4264 1162 4346 luerunt
1190 4270 1251 4346 ab·
1293 4267 1389 4347 iuliis
1414 4269 1990 4379 quinqueproqualibetbliffa.
2014 4275 2150 4378 inqua
2264 4289 2265 4300 ¹

399 4378 520 4461 sentes
533 4378 570 4458 i'n
580 4379 836 4458 decantatione
853 4374 1023 4458 liliatam
1036 4374 1162 4466 &cde
1179 4380 1250 4459 illis
1293 4379 1459 4463 defuerit

399 4515 478 4571 non
498 4494 734 4596 participant.
752 4490 813 4570 led
834 4493 1026 4572 dutumxat
1041 4490 1104 4579 illi.
1129 4494 1250 4595 quiin
1536 4494 1679 4577 Csaur
1708 4491 1906 4578 XXXIV.

398 4602 580 4707 praemiiis
603 4604 866 4695 interfuerunt,
888 4602 940 4683 Te
953 4602 1074 4683 Deum
1089 4600 1162 4691 &a
1186 4606 1250 4686 de·
1424 4604 1578 4713 Quando
1601 4610 1809 4706 ingredimr
1831 4606 2009 4690 concluse.

398 4729 660 4807 monuerunt,
692 4716 848 4797 &erant
874 4716 920 4795 de
936 4716 1248 4819 participantibus.
1347 4716 1476 4799 Finitis
1490 4725 1653 4823 exequiis
1666 4720 1797 4800 summi
1808 4720 2147 4827 Pontificistliepe'r
2264 4716 2265 4758 ¹

396 4820 443 4909 Es
459 4824 486 4906 n
500 4830 724 4931 contigerit.
754 4827 856 4931 quod
880 4820 1082 4909 Cardinalis
1103 4832 1249 4911 noviter
1291 4824 1370 4911 RR.
1383 4830 1469 4911 DD.
1482 4832 1745 4914 Cardinalesad
1757 4836 2041 4935 ingrediendum
2050 4860 2146 4917 con·

394 4954 538 5023 creatus
559 4936 668 5022 luerit
691 4938 815 5019 abiens
836 4938 1041 5022 aRomana
1058 4942 1177 5033 curia,
1205 4944 1247 5021 de
1289 4942 1389 5023 elate
1415 4944 1592 5048 deputato
1621 4969 1752 5027 omnes
1781 4960 1950 5029 cantores
1975 4945 2146 5031 intetell'e

392 5064 589 5157 antequam
597 5051 812 5133 decantetur
831 5050 1000 5133 TsDeum
1010 5048 1087 5141 &a
1101 5051 1248 5137 soluerit
1291 5065 1462 5138 tenentur
1482 5060 1593 5138 cottis
1612 5058 1756 5151 induti,
1781 5058 1819 5140 de
1839 5059 2032 5143 decantare
2052 5060 2143 5180 biii

2006 5174 2083 5259 lam

2261 4856 2266 4996 l
