4750 6025
413 505 531 624 300
969 504 1228 591 roruurs
1268 505 1349 594 or
1388 505 1583 591 ’noers

405 684 433 767 sr
456 687 576 792 placet
603 682 767 777 muscis,
798 681 907 768 dmos
934 689 970 766 in
995 685 1070 768 boc
1094 710 1252 767 eoncor-
1347 681 1432 768 Vll
1457 690 1494 766 dr
1518 683 1619 768 Vlll.
1650 685 1719 769 Per
1746 683 1938 792 premiss'ar
1963 690 2133 777 rationes,

406 799 497 890 des,
531 800 634 902 quod
671 799 807 903 pundo
850 799 1074 902 quandoque
1105 797 1249 900 lignum
1292 798 1426 903 quibus
1452 799 1646 901 probatum
1674 800 1749 887 eii,
1779 801 1929 900 longam
1964 799 2133 902 imperse-

406 911 635 1017 persedionis
654 909 913 1001 concedimus,
938 925 980 990 ut
995 913 1154 1015 antiqui,
1172 933 1252 989 non
1293 911 1384 989 dam
1416 907 1592 1014 imperfici
1608 933 1675 1014 per
1703 909 1962 998 semibrerem‚
1994 910 2133 991 ostendi

407 1021 636 1103 dextrorsum
671 1021 730 1100 sed
758 1021 917 1111 sursum,
940 1021 977 1100 id
1002 1023 1072 1111 eli,
1104 1036 1252 1124 aparte
1293 1023 1431 1123 potest,
1462 1023 1609 1102 alteram
1636 1023 1786 1104 breuem
1807 1020 1986 1124 imperfici
2010 1046 2077 1125 per
2096 1045 2133 1101 e·

407 1135 584 1238 superiori
608 1132 833 1236 perficiendae
851 1133 987 1212 notul'ae
1005 1131 1175 1221 sltuetur,
1205 1133 1250 1212 ad
1292 1133 1458 1212 amdem:
1489 1157 1572 1210 nam
1588 1132 1674 1213 licet
1690 1135 1728 1212 in
1744 1131 1965 1233 figuratione
1983 1133 2133 1235 alonge

406 1244 616 1346 signandam
630 1245 890 1349 perfesiionem
902 1243 1081 1346 sequentis
1091 1245 1250 1346 generis,
1291 1241 1335 1322 sit
1356 1243 1516 1333 diversa,
1533 1247 1585 1322 *in
1619 1243 1821 1344 signatione
1849 1259 1971 1323 tamen
2002 1245 2053 1323 eli
2076 1269 2132 1324 es-

407 1355 469 1438 dat
484 1380 624 1458 genus3
649 1357 817 1437 deorsum
834 1379 921 1442 vero
935 1357 1083 1436 tertium
1100 1379 1250 1455 genusa
1291 1356 1403 1451 dem3
1430 1353 1565 1456 signata
1583 1373 1706 1434 autem
1728 1353 1822 1444 sunt,
1840 1357 1973 1457 quibus
1999 1357 2133 1436 deben-

406 1468 517 1559 arto,
543 1469 580 1544 δι
602 1481 705 1558 ante,
723 1467 749 1548 sr
766 1470 916 1550 ulterius
940 1465 982 1546 lit
998 1465 1192 1571 processus.
1291 1481 1354 1547 tur
1374 1469 1530 1569 proprie
1564 1464 1754 1569 passiones.
1813 1462 1859 1547 lit
1890 1491 1957 1568 pen
1982 1465 2131 1547 similem

462 1629 683 1711 Notandum
703 1631 765 1721 est⁹
788 1653 866 1710 non
887 1631 1009 1709 omnia
1030 1625 1128 1734 βοῶ
1145 1625 1251 1732 Ρπῆ·
1291 1576 1526 1702 semibrerem
1550 1577 1699 1657 alteram
1734 1575 1910 1708 imperfici
1926 1577 2005 1681 per
2025 1581 2131 1708 mini.

408 1743 526 1844 elpes
551 1743 747 1844 pontium,
774 1766 860 1824 cum
883 1745 953 1820 iarn
977 1742 1042 1820 alia
1064 1741 1182 1822 sorma
1198 1743 1250 1820 ibi
1292 1713 1388 1770 Μ
1412 1689 1690 1772 tenendum&
1735 1688 1773 1768 3¹
1791 1713 1872 1791 ‘lm
1894 1691 2056 1772 simius
2077 1714 2133 1769 ¹¹¹·

406 1851 517 1933 suerit
536 1853 760 1949 introdutie;
790 1853 956 1936 uilicum
978 1868 1096 1934 tamen
1113 1850 1249 1954 aliquid
1292 1802 1447 1890 Μήτ’
1477 1805 1516 1879 Ῑη
1550 1801 1835 1904 Pfaecedentibm
1863 1800 1988 1883 s⁰¹⁰l²
2011 1801 2103 1880 suot.

407 1963 653 2052 subtrabatur,
684 1969 801 2066 prima
826 1965 941 2065 longa
968 1965 1157 2066 punsiuari
1187 1987 1250 2044 ne·
1347 1959 1415 2049 lX
1449 1961 1712 2073 Quodautem
1734 1976 1878 2065 tempor
1897 1959 2006 2066 poffit
2022 1963 2133 2041 dividi

406 2075 714 2180 quit,.superiluit
735 2079 833 2157 euim
849 2077 989 2170 breuis;
1019 2077 1107 2156 dum
1128 2088 1250 2156 tamen
1290 2075 1330 2154 in
1349 2073 1532 2180 quotlibet
1547 2089 1664 2176 partes
1682 2074 1856 2176 equales.
1887 2089 1985 2176 patet
2003 2097 2050 2153 ex
2065 2073 2131 2154 bis

406 2203 534 2268 cantus
550 2188 658 2278 fuerit
676 2187 861 2288 regularis.
886 2185 946 2272 Est
964 2202 1086 2267 autem
1106 2185 1251 2287 regula·
1291 2183 1658 2270 Omuecoutinuum
1690 2183 1862 2264 divifibile
1884 2189 1924 2264 in
1951 2185 2135 2288 quotlibet

408 2300 456 2379 ris
481 2313 631 2389 cantus,
662 2299 750 2378 dum
776 2299 1014 2400 perfetiiones
1035 2297 1140 2380 fimus
1158 2299 1250 2377 inci·
1290 2311 1409 2401 partes
1425 2297 1587 2379 uusdem
1601 2301 1867 2400 proportionis,
1883 2295 1974 2378 sicot
1991 2300 2031 2377 in
2043 2296 2133 2377 duas

409 2411 823 2511 pientescontinuando
844 2414 975 2512 pariter
994 2413 1247 2492 terminantur.
1290 2407 1502 2493 uelttmvei
1517 2409 1758 2511 quatuordec
1789 2409 1998 2512 temporeis
2011 2408 2134 2508 dege·

346 2531 347 2534 ‘
407 2519 618 2620 lrregularis
645 2543 735 2598 vero
768 2521 838 2609 est,
868 2523 957 2600 dum
988 2537 1154 2624 tempore
1185 2543 1250 2602 cu·
1290 2541 1379 2600 nere
1399 2523 1661 2604 continuorum
1676 2545 1689 2614 ;
1717 2543 1809 2622 ergo
1830 2520 1949 2622 putesi
1970 2520 2082 2602 dividi
2094 2524 2133 2599 in

409 2629 595 2716 mulantur
621 2655 685 2732 per
712 2655 870 2733 corpore
892 2630 1113 2732 figurarum,
1138 2647 1251 2732 prout
1291 2633 1474 2734 quotlibet
1512 2645 1633 2736 partes
1670 2631 1845 2735 equales
1904 2629 1983 2740 Fiet
2022 2634 2135 2733 igitur

407 2739 525 2846 placet
545 2765 672 2822 vocem
696 2743 887 2846 disponere
906 2743 1113 2845 proferenti.
1144 2742 1250 2824 Con·
1291 2759 1419 2826 cantos
1453 2766 1501 2823 ex
1537 2762 1575 2821 2.
1598 2763 1634 2834 3.
1656 2764 1702 2839 a„v
1722 2763 1755 2836 ς.
1778 2755 1814 2822 6.
1837 2763 1876 2838 7.
1900 2755 1937 2832 8.
1959 2767 1996 2834 9.
2032 2743 2135 2822 semi·

407 2855 493 2954 tigit
517 2869 638 2934 autem
656 2855 878 2956 aliquando,
905 2853 999 2938 duos
1024 2871 1151 2937 cantus
1181 2852 1251 2934 elie
1292 2857 1459 2938 breuibus
1481 2853 1678 2959 equalibus
1699 2855 1860 2936 eiusdem
1884 2853 2031 2956 figuram
2054 2877 2134 2935 non

408 2989 474 3069 per
496 2963 531 3049 se
557 2967 597 3048 u
613 2966 774 3049 absolute
796 2965 998 3068 regulares,
1022 2970 1085 3071 qui
1105 2965 1186 3049 sunt
1203 2969 1251 3044 ir·
1292 2967 1342 3051 est
1358 2980 1480 3051 autem
1497 2965 1654 3059 multum
1676 2968 1771 3046 bene
1786 2963 1954 3065 poffibile
1979 2969 2061 3046 roci
2078 2966 2133 3049 ui·

407 3078 590 3177 regulares
620 3079 663 3156 ad
707 3081 862 3159 invicem
891 3082 1113 3182 comparati,
1160 3078 1248 3159 dum
1291 3082 1402 3159 terius
1427 3076 1648 3181 pertransite.
1707 3076 1848 3158 Cantus
1873 3080 2060 3159 extribus
2086 3102 2135 3157 re·

274 3232 275 3235 κ
407 3206 536 3267 contra
566 3190 764 3290 periodum
798 3194 938 3274 canitur
984 3190 1247 3292 impetistiunr.
1291 3190 1513 3294 qualibus&
1532 3189 1748 3293 ereduobus.
1793 3187 1946 3271 Duo&
1967 3190 2135 3272 triasont

407 3296 476 3381 Per
497 3324 564 3387 es.
596 3325 675 3405 ques
700 3302 788 3386 uitta
815 3302 966 3382 suntad
986 3300 1168 3405 predictas
1194 3304 1261 3381 in·‚
1290 3306 1466 3405 quinque,
1487 3302 1542 3380 bin
1566 3300 1642 3381 duo
1658 3314 1843 3405 quatuor,
1877 3302 1932 3380 bis
1958 3302 2025 3382 tria
2048 3302 2133 3382 sunt

407 3410 571 3501 stantius,
590 3426 688 3515 patet
708 3412 841 3497 solutio
867 3414 1074 3509 nranisesia3
1103 3411 1250 3499 caldei-
1289 3413 1370 3514 sex,
1387 3426 1547 3515 quatuor
1562 3412 1600 3491 dt
1620 3415 1686 3492 tria
1707 3411 1790 3492 sunt
1809 3411 1958 3515 septem,
1977 3414 2031 3495 bis
2044 3436 2132 3516 qua·

406 3524 507 3624 gitur
525 3522 607 3611 sunt
635 3525 787 3603 mirandi
811 3524 991 3615 homines,
1013 3528 1078 3627 qui
1093 3541 1249 3627 propter
1291 3540 1377 3607 tuot
1392 3523 1475 3608 suut
1491 3523 1596 3612 otio,
1614 3539 1668 3605 ter
1688 3525 1755 3603 trie
1773 3521 1855 3602 suut
1873 3525 2132 3620 peremtione
2269 3531 2270 3534 ‘

407 3647 547 3715 metum
571 3636 753 3714 rationum
767 3634 973 3719 sublimium
990 3654 1176 3737 coguntur
1195 3659 1250 3722 re·
1289 3638 1415 3717 omnia
1438 3634 1519 3715 suot
1540 3635 1714 3737 equalia3
1755 3635 1867 3735 igitur
1895 3658 1943 3713 ex
1972 3636 2130 3716 totidem

405 3746 571 3847 linquere
587 3750 793 3837 veritatem,
813 3770 898 3827 cum
913 3747 992 3833 duc
1009 3752 1166 3831 rationes
1180 3744 1250 3835 dif-
1289 3747 1483 3851 aequalibus
1507 3745 1624 3849 potest
1646 3745 1722 3824 fieri
1742 3760 1881 3830 cantus.
1908 3739 2130 3828 'Laudabunt

405 3854 575 3942 siciliutes
592 3860 637 3941 ad
650 3854 860 3961 oppositum
881 3858 949 3946 lint
964 3858 1135 3949 addusiae.
1289 3875 1411 3941 autem
1436 3854 1521 3958 esset
1540 3856 1694 3939 musicus
1715 3858 1754 3936 dr
1774 3860 1923 3959 peritus,
1942 3862 2005 3962 qui
2026 3857 2131 3961 super

1290 3971 1387 4051 idem
1418 3984 1562 4071 tempus
1598 3967 1732 4071 aequale
1770 3968 1889 4071 ipsum
1928 3968 2129 4050 dividendo

1290 4104 1389 4162 nunc
1419 4104 1483 4185 per
1514 4080 1620 4167 duas,
1653 4102 1752 4159 nuuc
1794 4103 1860 4182 pet
1887 4094 1961 4163 tres
1986 4096 2132 4166 oeterar

1289 4208 1407 4299 partes
1429 4198 1572 4294 integre
1595 4190 1816 4276 attentaret

461 4014 510 4096 V.
533 4019 571 4097 de
588 4015 653 4099 Vl.
682 4016 735 4098 Ex
760 4019 894 4100 eisdem
919 4021 1119 4100 rationibus
1140 4044 1250 4123 appa·

405 4140 480 4216 ret,
508 4129 610 4233 quod
630 4130 750 4209 breuis
772 4130 880 4235 possit
901 4131 1075 4234 imperslci
1098 4157 1162 4233 per
1181 4134 1249 4211 mi-

406 4241 565 4343 nimam3
595 4266 677 4319 num
699 4240 788 4321 sicut
805 4242 838 4321 se
855 4243 962 4321 habet
978 4244 1182 4323 semibrevis
1202 4244 1247 4323 ad

405 4350 581 4454 longam,
612 4355 658 4430 ita
676 4354 793 4432 breuis
811 4354 855 4431 ad
876 4356 1077 4442 minimam,
1100 4380 1183 4433 cum
1207 4380 1249 4434 u·
1346 4354 1421 4434 Sub
1443 4355 1512 4432 istis
1537 4375 1670 4431 nouem
1695 4348 1988 4435 conclufionibus
2012 4354 2131 4435 decla·

405 4466 577 4567 trobique
592 4462 653 4543 aar
672 4468 866 4568 proportio
883 4468 1074 4568 nontupla.
1113 4464 1247 4567 Longo
1290 4470 1374 4545 ratis
1398 4465 1521 4548 multae
1543 4464 1657 4543 latent
1681 4462 1931 4544 conclufioneu
1954 4466 2031 4545 alie
2051 4466 2132 4569 spe·

403 4590 525 4656 autem
556 4576 675 4678 potest
703 4574 878 4679 impsrfici
906 4602 970 4677 per
999 4578 1246 4667 semibrevem,
1289 4576 1416 4668 ciales,
1436 4599 1516 4679 quae
1535 4599 1600 4676 per
1621 4578 1835 4655 exercitium
1856 4590 1965 4656 erunt
1985 4578 2133 4659 studen-

404 4700 448 4769 ut
462 4688 643 4768 ostensum
661 4690 730 4783 est;
759 4711 851 4790 ergo
877 4691 915 4767 dc
941 4691 1058 4769 breuis
1084 4713 1150 4791 per
1180 4692 1249 4767 mi·
1290 4692 1387 4771 tibus
1414 4688 1614 4765 manifeste.
1663 4685 1726 4766 llla
1750 4702 1870 4767 tamen
1893 4712 2026 4791 pauca,
2046 4711 2134 4794 quaa

406 4802 555 4879 nimam.
599 4797 655 4887 Ex
677 4823 801 4879 earum
822 4800 994 4903 opposito
1018 4801 1245 4881 manifestum
1288 4802 1379 4881 ditia
1402 4799 1485 4881 sunt
1507 4824 1526 4875 a
1547 4798 1675 4887 nobis,
1699 4795 1726 4875 si
1747 4798 1885 4901 aliquid
1907 4800 2130 4893 includatur,

406 4910 475 4999 ssi,
492 4912 680 4991 minimam
694 4934 770 4990 oon
785 4908 885 5013 posse
899 4912 1092 5015 imperfici,
1106 4936 1190 4991 cum
1205 4911 1248 4993 fit
1288 4912 1392 5017 quod
1414 4912 1578 4993 uideatur
1600 4901 1844 4992 inconsonum
1867 4914 2030 5004 ueritati.
2059 4936 2133 4994 vos

403 5020 648 5119 indiuisrbilis;
677 5023 823 5105 nonest
840 5023 1245 5107 minimodareminus.
2011 5046 2074 5105 ro·

2266 4193 2269 4340 l
