4750 6025
419 551 535 692 388
1003 561 1552 652 coueurcurrouas

677 745 819 830 Crrnr
844 737 981 829 XXV.
1293 742 1494 826 raemdida
1506 741 1683 849 Capellae,
1698 739 2143 846 aromatarium,

409 857 467 944 Da
497 869 638 942 cauare
666 862 708 940 in
722 859 893 960 seruitiis
923 853 1068 957 capella
1086 868 1155 959 prr
1185 872 1253 955 ις.
1288 871 1339 940 nt
1363 855 1554 962 profertur
1590 859 1799 948 excusatur,
1829 859 1918 963 poll·
1935 857 2146 954 excolatio-

676 994 785 1054 annor
814 965 987 1066 exlllnrte.
1293 991 1381 1050 nem
1432 963 1644 1050 huiuamodi
1679 968 1877 1050 admillam
1921 970 2145 1078 reperiretur

350 1097 353 1104 '
468 1083 632 1174 Cantor,
654 1085 721 1188 qui
753 1106 817 1186 per
848 1103 912 1176 as.
939 1103 1057 1188 annor
1081 1081 1119 1162 ln
1147 1079 1256 1162 lerrl·
1295 1081 1398 1184 quod
1423 1083 1493 1162 iret
1515 1104 1582 1183 per
1603 1081 1733 1161 urbem
1756 1081 1968 1187 spatiatum,
1990 1095 2056 1161 aut
2075 1079 2146 1161 ali·

409 1197 470 1282 tllr
508 1196 608 1283 droa
646 1194 803 1298 Capellae
843 1193 996 1284 steterit,
1032 1195 1167 1276 merito
1203 1192 1255 1274 est
1295 1191 1399 1298 qood
1422 1197 1616 1292 negotium
1629 1194 1888 1295 peragendum
1912 1217 1934 1272 ιι
1958 1195 2145 1298 quocum·

411 1305 692 1412 gratificandus,
723 1307 808 1388 ldeo
839 1305 965 1387 diuino
995 1299 1120 1384 officio
1154 1303 1256 1385 ordi·
1295 1328 1367 1408 qne
1391 1317 1563 1393 cantore,
1594 1302 1667 1408 ipse
1695 1303 1860 1386 infirmor
1889 1319 2055 1408 repertun
2080 1305 2144 1385 fu-

255 1515 257 1517 ,
409 1421 516 1499 nario
541 1420 641 1499 dieta
664 1416 821 1520 Capellae
843 1419 951 1510 debet
965 1411 1045 1498 'elle
1071 1429 1253 1507 exeratur,
1296 1417 1367 1498 urit
1385 1415 1502 1496 taliter
1522 1415 1716 1507 incedent,
1735 1416 1845 1496 debet
1862 1416 2043 1497 notificari
2061 1414 2146 1499 nul·-

410 1530 472 1618 sed
496 1531 617 1612 solum
645 1531 682 1607 io
710 1533 832 1632 primo
860 1527 1105 1632 Kyriealeison
1134 1543 1258 1610 tenea·
1295 1526 1397 1630 legio
1437 1525 1671 1631 prolatorum
1714 1542 1935 1619 cautorum,
1965 1523 2006 1607 da
2020 1537 2026 1549 ’
2042 1526 2145 1608 lufir-

409 1654 474 1722 tur
500 1651 740 1746 comparere,
766 1642 827 1724 seu
862 1639 1012 1747 qnando
1043 1641 1256 1724 decantatur
1296 1663 1378 1721 mue
1409 1639 1599 1742 predium
1631 1635 1681 1721 tic
1709 1639 1898 1721 excomm
1927 1639 1989 1720 seu
2020 1629 2147 1721 notifi-

410 1751 575 1834 officium
602 1773 727 1840 coram
755 1753 790 1834 S.
819 1752 869 1836 D.
904 1753 953 1838 N.
981 1749 1095 1857 Papa,
1125 1767 1192 1837 aut
1216 1754 1253 1833 8,
1295 1765 1395 1833 catus
1425 1753 1464 1830 io
1503 1751 1658 1856 duplum
1686 1753 1865 1841 'ordinarii
1901 1747 2014 1841 officii
2048 1775 2147 1857 puu-

410 1864 574 1966 oollegio
612 1863 690 1954 th
725 1863 815 1948 DD.
850 1865 1118 1957 cardinalium,
1149 1866 1189 1945 dr
1214 1865 1253 1947 in
1296 1864 1462 1946 dabitur.
1745 1938 1747 1941 ,

410 1977 539 2062 diebna
562 1977 779 2087 dominicis,
807 1977 846 2082 dr
869 1979 1060 2081 inquibus
1081 1976 1143 2056 fiat
1164 2000 1257 2068 con·
1547 1973 1687 2058 Crrur
1715 1973 1893 2058 xxvrt

408 2087 614 2178 liltorlunr,
646 2091 684 2170 dr
704 2090 743 2168 in
763 2087 1071 2180 'festivitatiburd
1100 2087 1150 2168 V.
1173 2086 1258 2178 Ma·
1324 2085 1383 2168 De
1407 2094 1553 2170 rudore
1577 2086 1718 2191 r'tfirmo
1742 2098 1945 2177 revertetur
1970 2087 2022 2172 nd
2042 2083 2122 2187 offi-

409 2201 472 2282 riae
495 2201 540 2281 ¹&
568 2201 832 2303 Apostolorum
866 2203 904 2280 dr
933 2199 1255 2304 Euangelillarnm,
1579 2201 1675 2279 cium
1700 2196 1855 2301 Capella.
1922 2277 1926 2284 ,

285 2397 287 2400 ,
408 2325 473 2402 aut
508 2312 811 2404 consecrationis,
843 2313 882 2394 dc
912 2314 1153 2398 invocationis
1184 2311 1258 2401 Ca·
1352 2309 1447 2399 Item
1481 2308 1508 2391 fi
1538 2310 1656 2415 didur
1688 2325 1845 2418 mutor,
1875 2325 1920 2404 ut
1950 2313 2147 2423 praelertur

408 2423 514 2526 pellar
535 2424 580 2504 ad
606 2411 769 2509 officium
798 2438 943 2516 toturn,
964 2428 1003 2505 dc
1026 2424 1172 2528 quando
1193 2421 1256 2504 fiet
1296 2422 1506 2520 excusatur,
1537 2435 1580 2506 ut
1610 2423 1791 2534 infirmor·
1808 2426 2032 2528 perdecem
2064 2427 2146 2506 dier

408 2531 575 2624 officium
597 2549 698 2615 extra
724 2535 908 2639 Capellam
933 2536 1121 2640 dumtaxat
1142 2540 1255 2616 iuter·
1295 2536 1472 2626 tardaret,
1502 2535 1605 2638 quod
1643 2557 1721 2625 nou
1757 2538 1827 2624 iret
1859 2537 1904 2621 ad
1939 2536 2145 2642 Capellam,

409 2645 480 2728 clle
493 2661 649 2735 tenetur.
668 2643 797 2727 Etliin
809 2649 1020 2730 huiusmodi
1033 2647 1161 2728 officiis
1172 2672 1253 2729 non
1283 2649 1335 2727 ,δι
1358 2647 1439 2749 post
1462 2647 1577 2736 (litlot
1595 2646 1722 2732 decern
1748 2648 1824 2729 dlea
1848 2649 1894 2733 ad
1914 2649 2045 2729 didam
2069 2647 2147 2730 Ca·

409 2757 638 2862 interluerit,
661 2760 890 2862 pundabirur
913 2775 1025 2864 prout
1046 2763 1105 2838 alii
1125 2773 1255 2853 cauto·
1293 2758 1426 2866 pellam
1446 2759 1632 2846 accederet
1649 2764 1776 2841 animo
1799 2761 1995 2855 serviendi,
2017 2761 2044 2839 li
2063 2785 2147 2842 nou

409 2893 485 2959 res,
504 2872 660 2974 quinon
680 2872 814 2960 fuerint
829 2872 984 2964 exemti,
1000 2873 1038 2954 dr
1054 2896 1132 2954 uon
1145 2872 1255 2953 debet
1294 2870 1498 2956 interuenit
1532 2871 1719 2952 ordinario
1750 2871 1970 2980 quotidiano
1999 2870 2143 2966 officio,

409 2984 625 3086 participare
653 2983 699 3067 de
724 2983 904 3086 aliquibus
931 2984 1072 3085 pondis
1097 2987 1136 3067 in
1162 2983 1253 3066 ditla
1283 2981 1404 3082 debet
1428 2982 1611 3086 ponderi,
1640 2985 1781 3067 &non
1804 2987 1874 3065 erit
1897 2988 2076 3089 particeps
2092 2985 2146 3067 de

410 3092 557 3198 Capella
574 3098 860 3183 occurrentibus.
895 3095 983 3183 Hoc
997 3112 1119 3177 tameo
1136 3096 1256 3177 decla·
1294 3094 1435 3199 pandis
1455 3108 1530 3174 tam
1553 3092 1616 3175 libi
1639 3120 1746 3200 quam
1770 3091 1852 3178 aliia¹
1866 3101 2079 3183 cantoribna
2100 3102 2145 3180 in

408 3220 529 3297 ratur,
557 3206 660 3313 quod
683 3204 945 3309 ficontigerlt,
966 3208 1080 3299 duos,
1100 3222 1172 3293 trec
1195 3206 1255 3294 rel
1294 3206 1506 3315 huiusmodi
1531 3207 1655 3300 meuse
1683 3207 1792 3287 fadis.
1850 3206 1896 3293 Er
1921 3208 1947 3289 li
1972 3212 2143 3314 prefate·

409 3318 534 3422 plures
563 3328 730 3411 cantores
759 3313 929 3399 facientes
958 3343 1068 3405 unam
1093 3321 1132 3398 dr
1157 3314 1255 3399 eam·
1294 3331 1424 3398 cautor
1445 3316 1633 3402 excolatur
1654 3332 1696 3401 ut
1714 3318 1900 3412 infirmus,
1921 3323 1969 3401 ad
1993 3320 2144 3403 Millim

409 3429 502 3514 dem·
521 3452 675 3533 uocem,
704 3430 872 3512 videlicet
897 3432 974 3511 duo
1002 3432 1166 3534 sopranl,
1194 3429 1254 3510 vel
1295 3427 1462 3540 Papalem
1478 3461 1480 3464 ’
1495 3428 1555 3518 seu
1591 3428 1843 3513 conditorium
1878 3433 2069 3536 publicum
2103 3434 2144 3514 le

408 3540 600 3631 contralti,
626 3554 772 3623 tenores
796 3542 854 3621 vel
877 3542 982 3632 balli,
1006 3543 1137 3625 eodeur
1160 3555 1255 3623 tem-
1294 3541 1502 3631 conterret,
1535 3541 1573 3620 de
1598 3542 1725 3623 diebus
1753 3540 1985 3647 sequentibus
2008 3550 2047 3626 iu
2067 3541 2144 3627 ieri
2259 3563 2260 3574 ‘

408 3673 502 3758 pore
521 3654 698 3733 excedere
718 3654 854 3734 didam
876 3662 1020 3757 tempus
1043 3674 1106 3748 ις.
1134 3677 1254 3759 anno·
1293 3654 1388 3738 vitiis
1409 3652 1511 3733 'ditlae
1535 3650 1693 3757 capelle
1713 3652 1901 3746 deficeret,
1925 3680 2005 3737 non
2029 3658 2144 3740 debet

408 3774 513 3854 rum,
532 3762 658 3861 (nnn)
682 3765 857 3866 gaudebit
883 3766 928 3846 de
951 3767 1162 3845 exemtiorre
1183 3765 1255 3844 hu·
1293 3765 1508 3867 participare
1522 3758 1773 3867 ¹defregalilruu
1791 3790 1839 3845 ux
1861 3766 1934 3873 ipsa
1950 3765 2056 3858 nuru
2072 3768 2142 3860 Pa.
2259 3829 2260 3834 a

407 3876 596 3966 inamodi,
628 3876 692 3957 nili
721 3878 782 3957 ille
814 3892 965 3972 cantor,
997 3879 1061 3983 qui
1087 3876 1134 3957 de
1160 3875 1254 3958 ditta
1292 3875 1386 3982 pall,
1409 3876 1469 3967 sen
1492 3869 1707 3962 contillorlo
1730 3878 1898 3982 publico.

407 3990 992 4187 ⁷⁰⁶⁸²⁰²iq⁰i⁰cfr22itixxvr
1556 4026 1910 4139 ⁰²²⁰‘Xxvm

629 4210 688 4294 De
713 4224 856 4293 camora
879 4212 1032 4311 iardrmo.
1373 4162 1432 4243 ⁰⁶
1456 4175 1602 4245 ΜΨ
1625 4164 1766 4267 ’ΨΜ
1790 4166 1892 4250 ullrfl
1911 4190 2057 4250 amm·

461 4320 501 4405 Sl
519 4322 645 4425 aliquia
670 4338 864 4405 cantorum
884 4348 960 4403 noo
981 4313 1258 4426 benetentum
1349 4323 1442 4406 ltem
1471 4322 1499 4404 fi
1526 4338 1657 4408 cantor
1683 4330 1872 4411 excolatur
1900 4346 1945 4413 ut
1970 4331 2141 4416 infirmor

402 4447 485 4524 ret,
517 4434 621 4540 quod
645 4433 748 4521 Deus
775 4449 931 4526 avertat,
960 4450 1105 4517 tenetur
1127 4433 1162 4514 le
1188 4456 1254 4514 exa
1292 4435 1409 4516 indies
1444 4454 1656 4543 gravaretur
1692 4431 1923 4535 infirmitate,
1944 4448 2003 4525 'lta
2034 4447 2143 4550 qnod

403 4546 529 4631 cusarc
547 4546 709 4646 collegio
729 4559 942 4637 centorum,
972 4547 1140 4628 videlicet
1159 4548 1253 4626 eiua·
1291 4572 1359 4652 per
1383 4572 1499 4629 unum
1530 4574 1667 4633 anuum
1697 4555 1884 4655 integrum
1921 4580 2000 4638 nou
2036 4581 2144 4639 aone-

398 4658 491 4741 dem
516 4656 663 4758 collegii
687 4680 756 4760 pro
779 4671 948 4759 tempore
972 4656 1136 4738 existenti
1160 4655 1252 4744 Pro-
1292 4661 1395 4742 daret
1421 4660 1467 4740 ad
1503 4662 1684 4757 servitium
1715 4666 1817 4747 ditlae
1847 4667 2041 4771 Capellae,
2056 4694 2140 4751 non

406 4771 566 4852 curatori
593 4768 705 4847 stante
727 4764 854 4848 officio
882 4768 1029 4858 divino,
1058 4768 1096 4847 dr
1122 4766 1147 4849 li
1170 4790 1250 4848 nou
1291 4774 1519 4877 participabit
1552 4774 1600 4854 de
1625 4777 1803 4880 aliquibur
1831 4780 2015 4883 regalibus
2044 4806 2137 4893 pro·

404 4879 531 4961 fecerit
566 4880 779 4977 huiusmodi
819 4879 1088 4959 excolationem
1121 4877 1249 4960 medio
1290 4886 1519 4965 venientibus
1542 4888 1581 4965 in
1606 4887 1698 4968 dida
1725 4888 1875 4993 Capella
1902 4892 2056 4974 durante
2081 4894 2136 4975 dr·-
2259 4913 2260 4972 l

405 4994 631 5083 iuramento,
661 4990 891 5097 pandabitur
916 4994 1017 5073 iuxta
1048 4990 1252 5073 ordinatio·
1290 4995 1344 5079 tia
1373 4994 1602 5089 infirmitate,
1632 4998 1692 5081 sed
1728 4998 1848 5084 lulum
1876 5005 1916 5085 dn
1946 5003 2136 5091 dumtaxat

1984 5140 2082 5222 aaa
