4750 6025
329 605 330 608 ,
390 508 508 650 348
963 507 1170 640 nnnsrs
1209 458 1295 594 'nn
1335 491 1542 596 ruunt

248 775 249 778 s
383 708 446 788 eit
475 697 629 806 Ignosce
647 689 898 801 ergobodtio,
915 715 1001 776 sum
1021 695 1059 774 dr
1078 706 1119 774 tu
1135 699 1230 796 poe·
1271 696 1397 775 rsriam
1416 687 1620 774 audaciam!
1641 682 1925 771 oexemandam
1945 684 2104 792 presum-

385 833 424 898 ta
440 815 504 906 sis,
526 837 595 894 nec
613 815 725 916 gestis,
741 808 1007 913 puta-sudum
1035 806 1231 887 nonenim
1272 802 1440 886 tionem!
1471 806 1533 883 six
1558 799 1771 883 duodennes
1796 804 1867 883 iam
1893 801 2027 881 discere
2048 825 2103 880 ve·

388 929 435 1010 de
457 927 691 1007 humanitatis
711 935 787 1003 arte
809 919 984 1023 loquitur.
1271 941 1416 1007 remur,
1445 930 1507 996 aut
1532 913 1560 992 si
1590 912 1783 1005 didicimus
1809 917 1953 992 minora
1979 936 2105 1016 praeee-

1270 1044 1356 1130 pta,
1384 1026 1481 1132 ques
1501 1029 1627 1106 intima
1653 1049 1779 1105 nrcnna
1802 1025 2041 1127 dependimus
2054 1048 2106 1105 sr-

1270 1143 1342 1230 tia,
1370 1141 1409 1218 dr
1445 1163 1572 1244 parum
1606 1138 1848 1238 intelligentes
1883 1140 2008 1218 omnis
2042 1159 2106 1216 uos

1273 1251 1363 1331 scire
1387 1247 1627 1339 affirmamus,
1658 1250 1868 1353 nulliusque
1895 1248 2109 1329 corrediens

1273 1361 1454 1444 subiecere
1481 1362 1671 1453 volumus,
1702 1375 1745 1445 ut
1774 1385 1903 1442 verum
1938 1365 1979 1440 in
2011 1359 2109 1440 nobis

1273 1483 1442 1579 sppa'reat
1477 1473 1652 1578 scriptum
1688 1475 1726 1552 in
1766 1470 1901 1554 mufica
1944 1469 2110 1552 Iohannis

446 1085 638 1174 Tertium,
669 1081 775 1186 quod
791 1079 973 1160 iudicandi
988 1079 1153 1182 peritiam
1173 1075 1230 1158 su·

388 1201 478 1287 mit,
508 1195 726 1300 rhythmos,
753 1193 990 1280 cantilenam,
1010 1213 1230 1294 ceruumque

388 1325 513 1394 totum
528 1305 750 1410 perpendere
766 1303 905 1404 potest3
922 1303 996 1382 hoe
1009 1316 1130 1384 autem
1144 1323 1232 1383 cum

389 1436 516 1502 totum
543 1421 740 1498 iuratione
762 1414 1056 1517 &speculatione
1072 1409 1232 1517 politum

389 1522 1234 1745 ἓξὲορὲἳξὲιῐᾞῑὲῗῗοἒὲῗὲιῗὲἐὲῗὲωῗιξὲξ
1273 1586 1399 1690 Pspse:
1427 1587 1624 1668 nescientes
1654 1584 1743 1664 scire
1768 1585 1924 1673 nolunt,
1948 1583 2112 1676 ,suentes

389 1770 517 1836 tofum
535 1754 573 1832 ἃ
596 1749 983 1838 instrumentsstamm
1013 1748 1051 1826 ἃ
1072 1769 1149 1826 non
1175 1769 1232 1830 ar,
1274 1723 1348 1803 que
1366 1699 1540 1799 fugiunt,
1570 1695 1707 1801 quaesiti
1725 1698 1961 1800 impudenter
1982 1697 2114 1777 oblite-

388 1878 562 1966 rogautes
588 1877 702 1941 artem
725 1859 1027 1941 contemnant&
1053 1840 1231 1947 austures,
1274 1824 1388 1914 punt·
1419 1811 1560 1889 “fimi
1587 1807 1771 1940 ‘efistfmts
1799 1833 2039 1912 ‘mmsis‘
2061 1809 2114 1889 su·

1274 1943 1341 2007 uns
1368 1923 1514 2003 summo
1538 1943 1738 2001 conamine
1764 1918 1987 2012 defendunt,
2018 1947 2115 2004 enee.

382 1977 449 2059 »sed
470 1974 649 2056 veteribus
664 1973 825 2058 credant.
845 1969 929 2072 plur
944 1973 1106 2060 tatifflss·
1122 1992 1234 2078 ‘luam
1274 2036 1450 2136 gummi,
1474 2055 1593 2134 neque
1625 2034 1690 2134 per
1718 2031 1755 2111 se
1784 2034 1970 2124 videntes,
2001 2059 2116 2140 neque

388 2087 456 2195 ¹9¹³
478 2086 704 2188 inteffigmt’
734 2081 1009 2164 “dduoentibm‘
1276 2145 1481 2226 videntium
1508 2144 1655 2224 ducatui
1684 2144 2003 2248 obtemperantes,
2033 2171 2115 2227 cum

446 2260 559 2342 Multi
581 2275 703 2340 tamen
726 2259 834 2338 verbs
856 2279 956 2345 mea,
969 2249 1084 2360 ¹qood
1103 2256 1233 2346 timeo,
1275 2256 1375 2337 nulla
1414 2253 1575 2336 tessine
1605 2256 1776 2356 mugillro
1813 2255 1970 2338 discitur.
2015 2258 2119 2339 Muto

388 2377 431 2455 in
467 2371 640 2451 sinistram
675 2373 858 2472 accipiunt
892 2382 1053 2474 partem,
1100 2369 1137 2448 &
1176 2390 1236 2446 me
1278 2371 1376 2447 enim
1401 2368 1567 2446 animalia
1585 2368 1818 2470 ferarumque
1840 2393 1973 2471 greges
1993 2369 2118 2452 dudio·

390 2487 597 2566 multorum
627 2483 710 2560 vitia
739 2489 967 2569 narrantem,
998 2476 1096 2582 quast
1115 2501 1235 2556 meam
1278 2503 1355 2558 rem
1374 2475 1592 2580 sequuntur,
1611 2477 1669 2557 sed
1685 2481 1798 2559 nostri
1815 2505 1885 2560 nec
1900 2483 2032 2564 ducem
2052 2508 2119 2565 nec

390 2598 635 2699 ignorantiam
659 2591 708 2671 fic
730 2592 950 2671 obumbrare
972 2590 1100 2687 velius,
1125 2590 1235 2666 intes·
1276 2591 1489 2692 magistrum
1516 2605 1668 2680 curant,
1700 2596 1825 2691 omnia
1849 2617 1915 2695 per
1950 2592 1985 2674 se
2014 2596 2118 2674 intel·

391 2720 590 2812 pretantur.
638 2703 709 2784 Sed
735 2702 831 2781 tellis
854 2702 906 2780 est
932 2701 1021 2779 osihi
1049 2699 1236 2780 conscien·
1274 2702 1460 2803 ligeutcs:
1511 2699 1563 2798 (a)
1598 2709 1700 2804 quos'
1722 2703 1814 2782 nulli
1849 2705 1977 2783 melius
2007 2731 2116 2809 quam
2250 2782 2252 2823 s

392 2823 466 2910 tie,
496 2821 579 2920 quia
612 2815 707 2895 male
739 2815 871 2892 derue
902 2811 1236 2908 sentiunt31eeor·
1276 2815 1377 2892 ebrio
1409 2817 1719 2914 comparaverim,
1750 2816 1815 2917 qui
1850 2815 2005 2897 domum
2040 2823 2117 2920 qui·
2251 2832 2252 2851 ¹

392 2931 462 3010 dor
492 2932 589 3008 eninr
615 2927 812 3005 verborum
839 2922 1056 3025 Hieronymi
1083 2923 1127 3002 ad
1157 2921 1236 3002 Ru·
1275 2923 1359 3007 dem
1397 2929 1549 3029 repetit,
1580 2925 1640 3004 sed
1675 2949 1751 3030 quo
1785 2927 1877 3007 celle
1904 2941 2117 3024 revertatur,
2250 2960 2252 2997 l

392 3046 541 3129 sticum,
573 3040 637 3119 ubi
660 3037 709 3117 lic
735 3039 872 3139 inquit:
903 3038 1045 3120 inuenti
1056 3033 1147 3136 sunt
1159 3036 1234 3135 sei-
1275 3040 1432 3137 ignorat
1479 3036 1726 3117 senseram
1751 3040 1907 3120 molaris
1925 3042 2119 3145 aliquando
2251 3041 2252 3122 l

391 3153 442 3233 oli
474 3163 616 3231 tunsum
649 3148 698 3227 ud
727 3148 1001 3236 detrabendum,
1033 3150 1095 3245 nui
1112 3214 1113 3217 γ
1129 3146 1235 3245 sose
1276 3149 1468 3229 discretum
1496 3147 1615 3229 reddit
1648 3149 1860 3241 stridorem,
1891 3153 1962 3255 ipsa
1996 3168 2118 3235 umen
2251 3141 2252 3162 Ν

392 3266 506 3347 orons
531 3260 701 3358 ostensore
727 3257 876 3348 noune,
897 3256 933 3355 fi
954 3260 1157 3337 sannorum
1181 3258 1236 3335 rii·
1276 3260 1364 3362 quid
1390 3272 1475 3360 agat
1501 3263 1645 3361 penitus
1674 3262 1795 3341 nescit
1848 3262 1888 3344 Ο
1911 3280 2026 3345 artem
2051 3271 2120 3347 mi·
2251 3325 2252 3328 s

391 3379 447 3457 rsa
472 3374 636 3453 lucerent.
676 3370 748 3449 Sed
783 3373 821 3449 dr
847 3368 1080 3450 Tulliuslib.
1114 3367 1165 3449 11.
1187 3368 1235 3447 de
1273 3370 1479 3451 'serandaml
1499 3370 1987 3475 Oartenndeplsngendaml
2007 3399 2117 3482 quant

391 3486 605 3569 Tusculanis
640 3482 917 3586 questionibus:
954 3478 1117 3575 stultitia
1147 3494 1237 3578 pro·
1275 3480 1341 3563 fibi
1360 3480 1481 3584 paffim
1502 3507 1633 3561 omnes
1653 3487 1845 3567 vendicant
1863 3489 2020 3580 induiti,
2046 3497 2118 3572 iam
2251 3477 2252 3534 ³

387 3602 515 3702 prium
549 3592 614 3691 eis,
645 3592 799 3673 oliorum
831 3594 928 3670 vitio
964 3614 1129 3681 camere,
1150 3590 1236 3688 suo·
1275 3594 1457 3674 iudicandi
1473 3591 1637 3675 officium
1654 3596 1818 3698 discipuli
1836 3596 2035 3691 assumunt,
2057 3604 2120 3684 sed
2251 3601 2252 3604 ‘

392 3736 477 3792 rum
503 3704 674 3807 oblivisci.
720 3704 810 3784 Non
840 3706 937 3783 eninr
973 3728 1046 3803 ego
1076 3707 1105 3781 is
1135 3702 1235 3799 sum3
1276 3704 1365 3786 heu!
1387 3710 1507 3785 minus
1534 3729 1644 3809 quam
1673 3707 1855 3811 discipuli,
1879 3711 1915 3790 id
1945 3716 2016 3800 est,
2039 3716 2121 3796 vul.

393 3824 456 3904 sed
484 3822 560 3900 alie
594 3842 654 3897 me
689 3830 840 3895 nsovent
865 3814 995 3895 causas:
1024 3817 1236 3915 compatior
1277 3841 1381 3917 gates
1406 3818 1508 3908 laici,
1538 3822 1603 3920 qui
1627 3843 1696 3896 nec
1720 3834 1857 3911 artem,
1888 3846 1957 3903 uec
1981 3826 2120 3908 litteras
2251 3819 2252 3880 ἶ

393 3938 483 4021 orti,
514 3954 594 4037 quse
624 3953 710 4009 cuns
740 3931 785 4007 ab
811 3928 968 4028 antiquis
994 3926 1098 4005 omni
1129 3925 1236 4004 laude
1278 3944 1483 4019 noverunt,
1513 3932 1551 4007 in
1584 3930 1829 4011 instrumentis
1863 3958 1991 4035 pssum
2026 3939 2121 4043 quid

395 4046 516 4146 dignis
551 4040 775 4146 pbilosophis
812 4036 1079 4119 laboriosissime
1110 4034 1152 4115 lit
1180 4040 1237 4115 in·
1277 4040 1467 4121 habilitatis
1493 4042 1613 4142 adepti
1640 4046 1764 4123 omnia
1782 4032 1961 4139 iudicant,
1992 4055 2121 4133 omnia

392 4172 524 4245 ventu,
568 4155 693 4230 nostro
733 4172 815 4229 aevo
855 4173 876 4229 a
911 4146 1079 4228 vilissimis
1113 4150 1236 4227 beanis
1277 4153 1435 4232 lacerant
1460 4154 1498 4231 dr
1531 4152 1793 4235 contundunt:
1825 4172 1866 4241 ut
1891 4164 1961 4239 ianr
1986 4162 2121 4247 mussos

394 4269 644 4367 corrumpitur
662 4320 672 4351 ,
702 4262 877 4347 laceratur
915 4264 952 4339 dc
984 4260 1233 4341 confunditur.
1277 4288 1357 4342 non
1374 4289 1444 4344 una
1461 4266 1506 4343 de
1522 4264 1746 4357 liberalibus,
1764 4269 1822 4347 sed
1839 4271 1885 4349 de
1901 4275 2121 4355 mechanicis

395 4382 436 4464 0
463 4378 646 4463 stviseret
669 4373 837 4463 Boetius,
869 4374 1123 4473 certe‘pietate
1155 4394 1237 4449 mo·
1278 4377 1441 4455 videatur
1458 4376 1549 4455 sore.
1590 4375 1832 4461 Confiderent
1849 4406 1961 4484 ergo,
1980 4386 2006 4463 ss
2026 4411 2122 4467 con·
2251 4357 2252 4446 ἶ

395 4509 455 4573 tus
482 4486 654 4569 musicam
684 4488 808 4587 potius
840 4482 1094 4586 deplangeret,
1125 4507 1235 4585 quana
1276 4486 1479 4566 dolendum
1498 4485 1540 4567 {tr
1558 4490 1645 4577 arti,
1668 4491 1948 4575 condoleant&
1969 4496 2123 4601 ipli,ac

340 4668 346 4678 ,
394 4602 612 4687 transferret
655 4595 893 4677 Nonmodo
922 4596 1110 4674 dicereso
1144 4592 1237 4673 Gui·
1278 4622 1338 4677 nse
1365 4622 1492 4681 verum
1518 4596 1645 4679 dixisse
1669 4601 1873 4687 fateantur:
1907 4606 1958 4687 lin
1985 4614 2120 4704 minus,

394 4716 466 4807 dol
488 4712 606 4792 satuos
629 4706 697 4788 elle
722 4720 911 4795 mutones,
932 4704 992 4783 sed
1010 4730 1139 4785 ornnes
1158 4730 1235 4785 ma·
1273 4711 1313 4788 iu
1339 4733 1399 4789 me
1421 4710 1528 4813 culpa
1551 4712 1769 4801 retundenda
1791 4720 1879 4807 etit,
1911 4720 2040 4802 iniuste
2067 4738 2122 4805 ta·

395 4828 527 4929 gisiros
553 4838 721 4924 putares3
751 4842 833 4897 unm
858 4814 932 4895 fine
952 4818 1124 4917 magistris
1152 4841 1235 4897 ons-
1277 4843 1373 4900 men.
1416 4821 1488 4901 Sed
1529 4821 1654 4922 placet¹
1678 4826 1794 4907 modo
1827 4833 2048 4930 procedere,
2079 4838 2121 4915 dc

333 5008 337 5019 .
394 4942 475 5023 nia,
506 4960 586 5037 quae
611 4924 1006 5027 solunt,prarsunrunt.
1063 4926 1236 5010 Otense-
1276 4936 1411 5031 coeptis
1435 4932 1596 5034 obsequi.
1986 4945 2064 5029 cg.

520 5091 565 5169 (a)
587 5092 650 5149 Hae
671 5091 751 5150 rerba
771 5088 833 5149 svnt
852 5090 957 5147 lusan
980 5086 1152 5145 convomit
1178 5087 1256 5148 Tum.
1278 5090 1316 5147 11.
1338 5108 1400 5166 pst·
1413 5105 1475 5168 232.
