<?xml version="1.0" encoding="UTF-8"?>
<!DOCTYPE html PUBLIC "-//W3C//DTD XHTML 1.0 Transitional//EN"
    "http://www.w3.org/TR/xhtml1/DTD/xhtml1-transitional.dtd">
<html xmlns="http://www.w3.org/1999/xhtml" xml:lang="en" lang="en">
 <head>
  <title>
</title>
<meta http-equiv="Content-Type" content="text/html;charset=utf-8" />
  <meta name='ocr-system' content='tesseract 3.04.00' />
  <meta name='ocr-capabilities' content='ocr_page ocr_carea ocr_par ocr_line ocrx_word'/>
</head>
<body>
  <div class='ocr_page' id='page_1' title='image "./scriptoreseccle00gerbgoog_0012.png"; bbox 0 0 4750 6025; ppageno 0'>
   <div class='ocr_carea' id='block_1_1' title="bbox 822 410 1602 629">
    <p class='ocr_par' dir='ltr' id='par_1_1' title="bbox 822 410 1602 629">
     <span class='ocr_line' id='line_1_1' title="bbox 822 410 1602 629; baseline 0.008 -6"><span class='ocrx_word' id='word_1_1' title='bbox 822 410 1482 629; x_wconf 44' lang='lat' dir='ltr'>PRAE&#39;sarro.</span> <span class='ocrx_word' id='word_1_2' title='bbox 1597 572 1602 579; x_wconf 94' lang='lat'><em>·</em></span> 
     </span>
    </p>
   </div>
   <div class='ocr_carea' id='block_1_2' title="bbox 231 714 1975 2867">
    <p class='ocr_par' dir='ltr' id='par_1_2' title="bbox 231 714 1975 2867">
     <span class='ocr_line' id='line_1_2' title="bbox 319 714 1975 869; baseline -0.005 -33"><span class='ocrx_word' id='word_1_3' title='bbox 319 714 452 836; x_wconf 74' lang='lat' dir='ltr'>Hac</span> <span class='ocrx_word' id='word_1_4' title='bbox 476 755 605 830; x_wconf 79' lang='lat' dir='ltr'>vero</span> <span class='ocrx_word' id='word_1_5' title='bbox 628 755 850 863; x_wconf 85' lang='lat' dir='ltr'>organa,</span> <span class='ocrx_word' id='word_1_6' title='bbox 885 755 947 834; x_wconf 82' lang='lat' dir='ltr'>‚ac</span> <span class='ocrx_word' id='word_1_7' title='bbox 971 728 1173 869; x_wconf 82' lang='lat' dir='ltr'>quasvis</span> <span class='ocrx_word' id='word_1_8' title='bbox 1195 718 1287 833; x_wconf 89' lang='lat' dir='ltr'>alia</span> <span class='ocrx_word' id='word_1_9' title='bbox 1313 720 1643 833; x_wconf 88' lang='lat' dir='ltr'>instrumenta</span> <span class='ocrx_word' id='word_1_10' title='bbox 1665 720 1877 857; x_wconf 75' lang='lat' dir='ltr'>musmo,</span> <span class='ocrx_word' id='word_1_11' title='bbox 1902 736 1975 836; x_wconf 85' lang='lat' dir='ltr'>in.</span> 
     </span>
     <span class='ocr_line' id='line_1_3' title="bbox 237 868 1975 1031; baseline 0.002 -44"><span class='ocrx_word' id='word_1_12' title='bbox 237 874 387 1026; x_wconf 85' lang='lat' dir='ltr'>super</span> <span class='ocrx_word' id='word_1_13' title='bbox 426 878 482 987; x_wconf 73' lang='grc' dir='ltr'>δι</span> <span class='ocrx_word' id='word_1_14' title='bbox 512 875 613 1023; x_wconf 88' lang='lat' dir='ltr'>ipsa</span> <span class='ocrx_word' id='word_1_15' title='bbox 647 868 1086 1015; x_wconf 78' lang='lat' dir='ltr'>mufica.figurata</span> <span class='ocrx_word' id='word_1_16' title='bbox 1108 912 1396 1031; x_wconf 81' lang='lat' dir='ltr'><strong>numquam</strong></span> <span class='ocrx_word' id='word_1_17' title='bbox 1417 877 1662 989; x_wconf 63' lang='lat' dir='ltr'>haetenus</span> <span class='ocrx_word' id='word_1_18' title='bbox 1684 891 1737 989; x_wconf 90' lang='lat' dir='ltr'>in</span> <span class='ocrx_word' id='word_1_19' title='bbox 1760 920 1975 1025; x_wconf 80' lang='lat' dir='ltr'>graecam</span> 
     </span>
     <span class='ocr_line' id='line_1_4' title="bbox 236 1026 1974 1185; baseline -0.005 -43"><span class='ocrx_word' id='word_1_20' title='bbox 236 1030 443 1142; x_wconf 78' lang='lat' dir='ltr'>admiffi</span> <span class='ocrx_word' id='word_1_21' title='bbox 465 1029 604 1145; x_wconf 85' lang='lat' dir='ltr'>fuere</span> <span class='ocrx_word' id='word_1_22' title='bbox 626 1026 914 1157; x_wconf 86' lang='lat' dir='ltr'>ecclefiam,</span> <span class='ocrx_word' id='word_1_23' title='bbox 957 1039 1096 1139; x_wconf 86' lang='lat' dir='ltr'>cuius</span> <span class='ocrx_word' id='word_1_24' title='bbox 1121 1044 1224 1148; x_wconf 62' lang='lat' dir='ltr'>atzar</span> <span class='ocrx_word' id='word_1_25' title='bbox 1254 1042 1413 1153; x_wconf 52' lang='lat' dir='ltr'>durau</span> <span class='ocrx_word' id='word_1_26' title='bbox 1438 1060 1525 1144; x_wconf 77' lang='lat' dir='ltr'>ars</span> <span class='ocrx_word' id='word_1_27' title='bbox 1549 1030 1974 1185; x_wconf 75' lang='lat' dir='ltr'>scilicetpfhlendi</span> 
     </span>
     <span class='ocr_line' id='line_1_5' title="bbox 234 1185 1974 1338; baseline 0.001 -38"><span class='ocrx_word' id='word_1_28' title='bbox 234 1188 323 1300; x_wconf 89' lang='lat' dir='ltr'>seu</span> <span class='ocrx_word' id='word_1_29' title='bbox 340 1187 545 1299; x_wconf 82' lang='lat' dir='ltr'>canendi</span> <span class='ocrx_word' id='word_1_30' title='bbox 561 1186 751 1299; x_wconf 87' lang='lat' dir='ltr'>anobis</span> <span class='ocrx_word' id='word_1_31' title='bbox 766 1190 950 1315; x_wconf 86' lang='lat' dir='ltr'>editur,</span> <span class='ocrx_word' id='word_1_32' title='bbox 967 1198 1284 1335; x_wconf 83' lang='lat' dir='ltr'>inquantum</span> <span class='ocrx_word' id='word_1_33' title='bbox 1315 1185 1465 1299; x_wconf 89' lang='lat' dir='ltr'>nobis</span> <span class='ocrx_word' id='word_1_34' title='bbox 1488 1228 1579 1338; x_wconf 86' lang='lat' dir='ltr'>per</span> <span class='ocrx_word' id='word_1_35' title='bbox 1602 1188 1793 1301; x_wconf 83' lang='lat' dir='ltr'>tabulas</span> <span class='ocrx_word' id='word_1_36' title='bbox 1817 1226 1974 1305; x_wconf 73' lang='lat' dir='ltr'>aneas</span> 
     </span>
     <span class='ocr_line' id='line_1_6' title="bbox 236 1339 1969 1500; baseline 0.001 -44"><span class='ocrx_word' id='word_1_37' title='bbox 236 1384 305 1456; x_wconf 84' lang='lat' dir='ltr'>ex</span> <span class='ocrx_word' id='word_1_38' title='bbox 328 1351 504 1455; x_wconf 89' lang='lat' dir='ltr'>codice</span> <span class='ocrx_word' id='word_1_39' title='bbox 520 1342 862 1481; x_wconf 79' lang='lat' dir='ltr'>San-Blustuuo</span> <span class='ocrx_word' id='word_1_40' title='bbox 887 1340 1182 1453; x_wconf 84' lang='lat' dir='ltr'>conservata</span> <span class='ocrx_word' id='word_1_41' title='bbox 1221 1339 1291 1451; x_wconf 87' lang='lat' dir='ltr'>est</span> <span class='ocrx_word' id='word_1_42' title='bbox 1323 1340 1624 1478; x_wconf 87' lang='lat' dir='ltr'>aflammis,</span> <span class='ocrx_word' id='word_1_43' title='bbox 1666 1348 1856 1500; x_wconf 88' lang='lat' dir='ltr'>quibus</span> <span class='ocrx_word' id='word_1_44' title='bbox 1887 1387 1969 1459; x_wconf 90' lang='lat' dir='ltr'>an.</span> 
     </span>
     <span class='ocr_line' id='line_1_7' title="bbox 245 1494 1973 1661; baseline -0.002 -44"><span class='ocrx_word' id='word_1_45' title='bbox 245 1509 422 1651; x_wconf 88' lang='lat'>1768.</span> <span class='ocrx_word' id='word_1_46' title='bbox 444 1528 558 1615; x_wconf 88' lang='lat' dir='ltr'>tum</span> <span class='ocrx_word' id='word_1_47' title='bbox 589 1504 757 1613; x_wconf 84' lang='lat' dir='ltr'>codex</span> <span class='ocrx_word' id='word_1_48' title='bbox 779 1498 908 1649; x_wconf 85' lang='lat' dir='ltr'>ipse,</span> <span class='ocrx_word' id='word_1_49' title='bbox 950 1526 1064 1611; x_wconf 89' lang='lat' dir='ltr'>tum</span> <span class='ocrx_word' id='word_1_50' title='bbox 1086 1494 1393 1661; x_wconf 53' lang='lat' dir='ltr'>collectanea</span> <span class='ocrx_word' id='word_1_51' title='bbox 1421 1536 1635 1657; x_wconf 89' lang='lat' dir='ltr'>quoque</span> <span class='ocrx_word' id='word_1_52' title='bbox 1660 1514 1845 1651; x_wconf 88' lang='lat' dir='ltr'>periere</span> <span class='ocrx_word' id='word_1_53' title='bbox 1860 1544 1973 1614; x_wconf 88' lang='lat' dir='ltr'>eam</span> 
     </span>
     <span class='ocr_line' id='line_1_8' title="bbox 234 1652 1973 1808; baseline 0.002 -39"><span class='ocrx_word' id='word_1_54' title='bbox 234 1669 290 1769; x_wconf 87' lang='lat' dir='ltr'>in</span> <span class='ocrx_word' id='word_1_55' title='bbox 317 1698 425 1771; x_wconf 86' lang='lat' dir='ltr'>rem</span> <span class='ocrx_word' id='word_1_56' title='bbox 456 1658 569 1769; x_wconf 81' lang='lat' dir='ltr'>satis</span> <span class='ocrx_word' id='word_1_57' title='bbox 597 1652 834 1800; x_wconf 80' lang='lat' dir='ltr'>infigura,</span> <span class='ocrx_word' id='word_1_58' title='bbox 866 1655 1000 1767; x_wconf 67' lang='lat' dir='ltr'>sada</span> <span class='ocrx_word' id='word_1_59' title='bbox 1021 1664 1077 1765; x_wconf 79' lang='lat' dir='ltr'>&#39;in</span> <span class='ocrx_word' id='word_1_60' title='bbox 1095 1654 1254 1769; x_wconf 85' lang='lat' dir='ltr'>Italia</span> <span class='ocrx_word' id='word_1_61' title='bbox 1275 1656 1576 1803; x_wconf 82' lang='lat' dir='ltr'>praesertim,</span> <span class='ocrx_word' id='word_1_62' title='bbox 1624 1658 1712 1769; x_wconf 89' lang='lat' dir='ltr'>ubi</span> <span class='ocrx_word' id='word_1_63' title='bbox 1738 1660 1838 1808; x_wconf 84' lang='lat' dir='ltr'>ipse</span> <span class='ocrx_word' id='word_1_64' title='bbox 1858 1697 1973 1773; x_wconf 87' lang='lat' dir='ltr'>non</span> 
     </span>
     <span class='ocr_line' id='line_1_9' title="bbox 234 1810 1972 1960; baseline -0.001 -34"><span class='ocrx_word' id='word_1_65' title='bbox 234 1815 387 1927; x_wconf 88' lang='lat' dir='ltr'>semel</span> <span class='ocrx_word' id='word_1_66' title='bbox 414 1854 599 1926; x_wconf 89' lang='lat' dir='ltr'>eorum</span> <span class='ocrx_word' id='word_1_67' title='bbox 626 1812 769 1925; x_wconf 87' lang='lat' dir='ltr'>sacris</span> <span class='ocrx_word' id='word_1_68' title='bbox 800 1812 1009 1960; x_wconf 74' lang='lat' dir='ltr'><strong>praesens</strong></span> <span class='ocrx_word' id='word_1_69' title='bbox 1038 1810 1338 1921; x_wconf 83' lang='lat' dir='ltr'>modestiam</span> <span class='ocrx_word' id='word_1_70' title='bbox 1363 1817 1418 1924; x_wconf 91' lang='lat'>&amp;</span> <span class='ocrx_word' id='word_1_71' title='bbox 1448 1812 1749 1924; x_wconf 83' lang='lat' dir='ltr'>suavitatem</span> <span class='ocrx_word' id='word_1_72' title='bbox 1790 1843 1972 1925; x_wconf 89' lang='lat' dir='ltr'>cantus</span> 
     </span>
     <span class='ocr_line' id='line_1_10' title="bbox 232 1968 1972 2121; baseline 0.001 -42"><span class='ocrx_word' id='word_1_73' title='bbox 232 1970 312 2081; x_wconf 90' lang='lat' dir='ltr'>fui</span> <span class='ocrx_word' id='word_1_74' title='bbox 343 1976 647 2119; x_wconf 70' lang='lat' dir='ltr'>admiratus,</span> <span class='ocrx_word' id='word_1_75' title='bbox 681 2008 739 2081; x_wconf 89' lang='lat' dir='ltr'>ea</span> <span class='ocrx_word' id='word_1_76' title='bbox 765 1968 1337 2079; x_wconf 84' lang='lat' dir='ltr'>constanti&amp;uniformi</span> <span class='ocrx_word' id='word_1_77' title='bbox 1363 1977 1589 2101; x_wconf 87' lang='lat' dir='ltr'>ratione,</span> <span class='ocrx_word' id='word_1_78' title='bbox 1627 2009 1743 2121; x_wconf 84' lang='lat' dir='ltr'>quae</span> <span class='ocrx_word' id='word_1_79' title='bbox 1764 1981 1815 2079; x_wconf 91' lang='lat' dir='ltr'>in</span> <span class='ocrx_word' id='word_1_80' title='bbox 1849 1983 1972 2080; x_wconf 89' lang='lat' dir='ltr'>anti·</span> 
     </span>
     <span class='ocr_line' id='line_1_11' title="bbox 231 2120 1971 2279; baseline 0 -42"><span class='ocrx_word' id='word_1_81' title='bbox 231 2120 488 2279; x_wconf 79' lang='lat' dir='ltr'>&#39;quiffimis</span> <span class='ocrx_word' id='word_1_82' title='bbox 519 2165 700 2261; x_wconf 90' lang='lat' dir='ltr'>eorum</span> <span class='ocrx_word' id='word_1_83' title='bbox 730 2126 864 2236; x_wconf 87' lang='lat' dir='ltr'>libris</span> <span class='ocrx_word' id='word_1_84' title='bbox 896 2123 1134 2265; x_wconf 85' lang='lat' dir='ltr'>liturgicis</span> <span class='ocrx_word' id='word_1_85' title='bbox 1151 2123 1385 2256; x_wconf 89' lang='lat' dir='ltr'>habetur,</span> <span class='ocrx_word' id='word_1_86' title='bbox 1410 2124 1625 2241; x_wconf 89' lang='lat' dir='ltr'>vocibus</span> <span class='ocrx_word' id='word_1_87' title='bbox 1643 2123 1758 2275; x_wconf 89' lang='lat' dir='ltr'>ipfis</span> <span class='ocrx_word' id='word_1_88' title='bbox 1781 2132 1971 2237; x_wconf 89' lang='lat' dir='ltr'>adrem</span> 
     </span>
     <span class='ocr_line' id='line_1_12' title="bbox 233 2280 1969 2434; baseline -0.002 -41"><span class='ocrx_word' id='word_1_89' title='bbox 233 2280 601 2434; x_wconf 83' lang='lat' dir='ltr'>pertinentibus</span> <span class='ocrx_word' id='word_1_90' title='bbox 628 2283 883 2432; x_wconf 86' lang='lat' dir='ltr'>explicatis</span> <span class='ocrx_word' id='word_1_91' title='bbox 895 2290 948 2390; x_wconf 92' lang='lat' dir='ltr'>in</span> <span class='ocrx_word' id='word_1_92' title='bbox 961 2285 1420 2395; x_wconf 73' lang='lat' dir='ltr'>METROPHANIS</span> <span class='ocrx_word' id='word_1_93' title='bbox 1442 2284 1696 2431; x_wconf 81' lang='lat' dir='ltr'>Critopuli</span> <span class='ocrx_word' id='word_1_94' title='bbox 1705 2320 1817 2397; x_wconf 88' lang='lat' dir='ltr'>an.1</span> <span class='ocrx_word' id='word_1_95' title='bbox 1835 2314 1969 2431; x_wconf 83' lang='lat'>539.</span> 
     </span>
     <span class='ocr_line' id='line_1_13' title="bbox 233 2437 1971 2593; baseline -0.001 -44"><span class='ocrx_word' id='word_1_96' title='bbox 233 2440 455 2587; x_wconf 87' lang='lat' dir='ltr'>epistola,</span> <span class='ocrx_word' id='word_1_97' title='bbox 484 2478 597 2593; x_wconf 84' lang='lat' dir='ltr'>quae</span> <span class='ocrx_word' id='word_1_98' title='bbox 625 2450 679 2549; x_wconf 92' lang='lat' dir='ltr'>in</span> <span class='ocrx_word' id='word_1_99' title='bbox 705 2438 872 2548; x_wconf 88' lang='lat' dir='ltr'>lucem</span> <span class='ocrx_word' id='word_1_100' title='bbox 900 2440 1090 2587; x_wconf 90' lang='lat' dir='ltr'>prodiit</span> <span class='ocrx_word' id='word_1_101' title='bbox 1105 2472 1186 2543; x_wconf 71' lang='lat' dir='ltr'>an.</span> <span class='ocrx_word' id='word_1_102' title='bbox 1211 2468 1385 2584; x_wconf 89' lang='lat'>1740.</span> <span class='ocrx_word' id='word_1_103' title='bbox 1420 2437 1764 2589; x_wconf 71' lang='lat' dir='ltr'>Witembergae</span> <span class='ocrx_word' id='word_1_104' title='bbox 1790 2476 1856 2548; x_wconf 86' lang='lat' dir='ltr'>ex</span> <span class='ocrx_word' id='word_1_105' title='bbox 1884 2471 1971 2548; x_wconf 86' lang='lat' dir='ltr'>au·</span> 
     </span>
     <span class='ocr_line' id='line_1_14' title="bbox 232 2588 1969 2743; baseline 0 -40"><span class='ocrx_word' id='word_1_106' title='bbox 232 2598 532 2743; x_wconf 87' lang='lat' dir='ltr'>tographo:</span> <span class='ocrx_word' id='word_1_107' title='bbox 573 2606 655 2706; x_wconf 91' lang='lat' dir='ltr'>cui</span> <span class='ocrx_word' id='word_1_108' title='bbox 686 2592 1066 2743; x_wconf 75' lang='lat' dir='ltr'>expositionem</span> <span class='ocrx_word' id='word_1_109' title='bbox 1090 2600 1367 2701; x_wconf 89' lang='lat' dir='ltr'>nominum</span> <span class='ocrx_word' id='word_1_110' title='bbox 1395 2588 1631 2737; x_wconf 85' lang='lat' dir='ltr'>fingulari</span> <span class='ocrx_word' id='word_1_111' title='bbox 1679 2593 1969 2707; x_wconf 83' lang='lat' dir='ltr'>differtatio-</span> 
     </span>
     <span class='ocr_line' id='line_1_15' title="bbox 232 2750 1265 2867; baseline 0.001 -8"><span class='ocrx_word' id='word_1_112' title='bbox 232 2788 297 2861; x_wconf 82' lang='lat' dir='ltr'>ne</span> <span class='ocrx_word' id='word_1_113' title='bbox 329 2757 404 2864; x_wconf 88' lang='grc' dir='ltr'>1ο.</span> <span class='ocrx_word' id='word_1_114' title='bbox 427 2758 666 2867; x_wconf 72' lang='lat' dir='ltr'>[nemias</span> <span class='ocrx_word' id='word_1_115' title='bbox 688 2752 1044 2867; x_wconf 75' lang='lat' dir='ltr'>Cannutius</span> <span class='ocrx_word' id='word_1_116' title='bbox 1069 2750 1265 2860; x_wconf 78' lang='lat' dir='ltr'>adiecit</span> 
     </span>
    </p>
   </div>
   <div class='ocr_carea' id='block_1_3' title="bbox 234 3010 1979 5036">
    <p class='ocr_par' dir='ltr' id='par_1_3' title="bbox 234 3010 1979 4719">
     <span class='ocr_line' id='line_1_16' title="bbox 311 3010 1970 3168; baseline -0.003 -36"><span class='ocrx_word' id='word_1_117' title='bbox 311 3019 360 3132; x_wconf 89' lang='lat' dir='ltr'>E</span> <span class='ocrx_word' id='word_1_118' title='bbox 387 3029 646 3130; x_wconf 89' lang='lat' dir='ltr'>contrario</span> <span class='ocrx_word' id='word_1_119' title='bbox 676 3052 801 3130; x_wconf 82' lang='lat' dir='ltr'>vero</span> <span class='ocrx_word' id='word_1_120' title='bbox 826 3021 966 3168; x_wconf 90' lang='lat' dir='ltr'>apud</span> <span class='ocrx_word' id='word_1_121' title='bbox 993 3055 1089 3130; x_wconf 84' lang='lat' dir='ltr'>nos</span> <span class='ocrx_word' id='word_1_122' title='bbox 1116 3010 1308 3126; x_wconf 77' lang='lat' dir='ltr'>mulic&#39;a</span> <span class='ocrx_word' id='word_1_123' title='bbox 1333 3012 1470 3166; x_wconf 66' lang='lat' dir='ltr'>l&#39;a‘era</span> <span class='ocrx_word' id='word_1_124' title='bbox 1505 3016 1730 3166; x_wconf 86' lang='lat' dir='ltr'>profanat</span> <span class='ocrx_word' id='word_1_125' title='bbox 1768 3055 1970 3129; x_wconf 85' lang='lat' dir='ltr'>accom-</span> 
     </span>
     <span class='ocr_line' id='line_1_17' title="bbox 237 3175 1971 3324; baseline 0.001 -44"><span class='ocrx_word' id='word_1_126' title='bbox 237 3180 446 3285; x_wconf 90' lang='lat' dir='ltr'>modata</span> <span class='ocrx_word' id='word_1_127' title='bbox 492 3175 686 3324; x_wconf 88' lang='lat' dir='ltr'>semper</span> <span class='ocrx_word' id='word_1_128' title='bbox 727 3175 972 3288; x_wconf 69' lang='lat' dir='ltr'>hastenus</span> <span class='ocrx_word' id='word_1_129' title='bbox 1019 3186 1071 3282; x_wconf 94' lang='lat' dir='ltr'>in</span> <span class='ocrx_word' id='word_1_130' title='bbox 1111 3177 1332 3282; x_wconf 86' lang='lat' dir='ltr'>deterius</span> <span class='ocrx_word' id='word_1_131' title='bbox 1371 3183 1582 3317; x_wconf 62' lang='lat' dir='ltr'>vergirr</span> <span class='ocrx_word' id='word_1_132' title='bbox 1622 3213 1781 3324; x_wconf 89' lang='lat' dir='ltr'>quam</span> <span class='ocrx_word' id='word_1_133' title='bbox 1823 3175 1971 3284; x_wconf 85' lang='lat' dir='ltr'>licen-</span> 
     </span>
     <span class='ocr_line' id='line_1_18' title="bbox 235 3326 1969 3480; baseline 0 -42"><span class='ocrx_word' id='word_1_134' title='bbox 235 3335 363 3438; x_wconf 85' lang='lat' dir='ltr'>tiam</span> <span class='ocrx_word' id='word_1_135' title='bbox 389 3334 561 3442; x_wconf 81' lang='lat' dir='ltr'>Graeri</span> <span class='ocrx_word' id='word_1_136' title='bbox 603 3337 655 3442; x_wconf 78' lang='grc' dir='ltr'>δι</span> <span class='ocrx_word' id='word_1_137' title='bbox 695 3337 912 3443; x_wconf 84' lang='lat' dir='ltr'>Romani</span> <span class='ocrx_word' id='word_1_138' title='bbox 932 3326 1109 3477; x_wconf 87' lang='lat' dir='ltr'>(apud</span> <span class='ocrx_word' id='word_1_139' title='bbox 1149 3355 1285 3478; x_wconf 80' lang='lat' dir='ltr'>quos</span> <span class='ocrx_word' id='word_1_140' title='bbox 1318 3333 1527 3480; x_wconf 86' lang='lat' dir='ltr'>quidem</span> <span class='ocrx_word' id='word_1_141' title='bbox 1560 3329 1802 3471; x_wconf 83' lang='lat' dir='ltr'>religione</span> <span class='ocrx_word' id='word_1_142' title='bbox 1842 3335 1969 3440; x_wconf 81' lang='lat' dir='ltr'>duo·</span> 
     </span>
     <span class='ocr_line' id='line_1_19' title="bbox 234 3481 1972 3598; baseline -0.001 -2"><span class='ocrx_word' id='word_1_143' title='bbox 234 3489 402 3596; x_wconf 84' lang='lat' dir='ltr'>decim</span> <span class='ocrx_word' id='word_1_144' title='bbox 435 3483 718 3598; x_wconf 87' lang='lat' dir='ltr'>tabularum</span> <span class='ocrx_word' id='word_1_145' title='bbox 749 3485 1085 3597; x_wconf 86' lang='lat' dir='ltr'>constitutum</span> <span class='ocrx_word' id='word_1_146' title='bbox 1113 3481 1318 3595; x_wconf 81' lang='lat' dir='ltr'>firerat:</span> <span class='ocrx_word' id='word_1_147' title='bbox 1373 3484 1751 3596; x_wconf 75' lang='lat' dir='ltr'><strong>POPULAREM</strong></span> <span class='ocrx_word' id='word_1_148' title='bbox 1796 3516 1972 3596; x_wconf 78' lang='lat' dir='ltr'>LAETI-</span> 
     </span>
     <span class='ocr_line' id='line_1_20' title="bbox 234 3649 1972 3772; baseline -0.002 -20"><span class='ocrx_word' id='word_1_149' title='bbox 234 3669 399 3752; x_wconf 79' lang='lat' dir='ltr'>‘nau</span> <span class='ocrx_word' id='word_1_150' title='bbox 432 3649 501 3752; x_wconf 77' lang='lat' dir='ltr'>ru</span> <span class='ocrx_word' id='word_1_151' title='bbox 539 3651 749 3755; x_wconf 79' lang='lat' dir='ltr'>cnuru</span> <span class='ocrx_word' id='word_1_152' title='bbox 795 3673 872 3754; x_wconf 79' lang='lat' dir='ltr'>rr</span> <span class='ocrx_word' id='word_1_153' title='bbox 905 3667 1148 3752; x_wconf 82' lang='lat' dir='ltr'>rrnruus</span> <span class='ocrx_word' id='word_1_154' title='bbox 1178 3659 1278 3752; x_wconf 72' lang='lat' dir='ltr'>&#39;aa</span> <span class='ocrx_word' id='word_1_155' title='bbox 1316 3663 1508 3750; x_wconf 83' lang='lat' dir='ltr'>rrrrrs</span> <span class='ocrx_word' id='word_1_156' title='bbox 1554 3670 1972 3772; x_wconf 78' lang='lat' dir='ltr'>nonnarum,</span> 
     </span>
     <span class='ocr_line' id='line_1_21' title="bbox 239 3795 1972 3941; baseline -0.001 -36"><span class='ocrx_word' id='word_1_157' title='bbox 239 3825 500 3926; x_wconf 79' lang='lat' dir='ltr'>aanoua</span> <span class='ocrx_word' id='word_1_158' title='bbox 535 3827 666 3910; x_wconf 85' lang='lat' dir='ltr'>ouu</span> <span class='ocrx_word' id='word_1_159' title='bbox 707 3827 914 3908; x_wconf 85' lang='lat' dir='ltr'>nrvuu</span> <span class='ocrx_word' id='word_1_160' title='bbox 956 3823 1216 3906; x_wconf 80' lang='lat' dir='ltr'>nouonu</span> <span class='ocrx_word' id='word_1_161' title='bbox 1249 3795 1611 3941; x_wconf 78' lang='lat' dir='ltr'>roucouro)</span> <span class='ocrx_word' id='word_1_162' title='bbox 1641 3802 1794 3906; x_wconf 88' lang='lat' dir='ltr'>etiam</span> <span class='ocrx_word' id='word_1_163' title='bbox 1828 3824 1972 3905; x_wconf 85' lang='lat' dir='ltr'>extra</span> 
     </span>
     <span class='ocr_line' id='line_1_22' title="bbox 237 3945 1971 4099; baseline 0.002 -40"><span class='ocrx_word' id='word_1_164' title='bbox 237 3949 369 4060; x_wconf 89' lang='lat' dir='ltr'>sacra</span> <span class='ocrx_word' id='word_1_165' title='bbox 397 3951 515 4061; x_wconf 89' lang='lat' dir='ltr'>sunt</span> <span class='ocrx_word' id='word_1_166' title='bbox 536 3952 745 4062; x_wconf 87' lang='lat' dir='ltr'>aversati</span> <span class='ocrx_word' id='word_1_167' title='bbox 774 3965 827 4062; x_wconf 92' lang='lat' dir='ltr'>in</span> <span class='ocrx_word' id='word_1_168' title='bbox 860 3945 971 4099; x_wconf 89' lang='lat' dir='ltr'>ipfis</span> <span class='ocrx_word' id='word_1_169' title='bbox 1000 3953 1238 4080; x_wconf 88' lang='lat' dir='ltr'>theatris,</span> <span class='ocrx_word' id='word_1_170' title='bbox 1280 3977 1340 4056; x_wconf 93' lang='lat' dir='ltr'>ut</span> <span class='ocrx_word' id='word_1_171' title='bbox 1368 3949 1432 4058; x_wconf 90' lang='lat' dir='ltr'>de</span> <span class='ocrx_word' id='word_1_172' title='bbox 1463 3949 1701 4062; x_wconf 88' lang='lat' dir='ltr'>histrione</span> <span class='ocrx_word' id='word_1_173' title='bbox 1737 3953 1971 4066; x_wconf 70' lang='lat' dir='ltr'>CICERO</span> 
     </span>
     <span class='ocr_line' id='line_1_23' title="bbox 236 4096 1972 4254; baseline 0.001 -40"><span class='ocrx_word' id='word_1_174' title='bbox 236 4105 589 4219; x_wconf 85' lang='lat' dir='ltr'>inParadoxis</span> <span class='ocrx_word' id='word_1_175' title='bbox 612 4137 791 4218; x_wconf 85' lang='lat' dir='ltr'>notat:</span> <span class='ocrx_word' id='word_1_176' title='bbox 833 4113 891 4216; x_wconf 89' lang='lat' dir='ltr'>Si</span> <span class='ocrx_word' id='word_1_177' title='bbox 906 4105 1184 4254; x_wconf 80' lang='lat' dir='ltr'>paullulum</span> <span class='ocrx_word' id='word_1_178' title='bbox 1200 4096 1268 4249; x_wconf 82' lang='lat' dir='ltr'>se</span> <span class='ocrx_word' id='word_1_179' title='bbox 1284 4125 1482 4224; x_wconf 59' lang='lat' dir='ltr'>,moueat</span> <span class='ocrx_word' id='word_1_180' title='bbox 1519 4127 1665 4218; x_wconf 84' lang='lat' dir='ltr'>extra</span> <span class='ocrx_word' id='word_1_181' title='bbox 1709 4141 1972 4238; x_wconf 78' lang='lat' dir='ltr'>numerant,</span> 
     </span>
     <span class='ocr_line' id='line_1_24' title="bbox 237 4257 1975 4417; baseline 0 -45"><span class='ocrx_word' id='word_1_182' title='bbox 237 4259 393 4394; x_wconf 78' lang='lat' dir='ltr'>uulsi</span> <span class='ocrx_word' id='word_1_183' title='bbox 412 4259 582 4407; x_wconf 77' lang='lat' dir='ltr'>oerfirr</span> <span class='ocrx_word' id='word_1_184' title='bbox 592 4272 942 4417; x_wconf 81' lang='lat' dir='ltr'>pronuntiatus</span> <span class='ocrx_word' id='word_1_185' title='bbox 967 4263 1034 4400; x_wconf 78' lang='lat' dir='ltr'>esl</span> <span class='ocrx_word' id='word_1_186' title='bbox 1046 4342 1062 4393; x_wconf 94' lang='lat'>,</span> <span class='ocrx_word' id='word_1_187' title='bbox 1086 4257 1293 4405; x_wconf 83' lang='lat' dir='ltr'>syllaba</span> <span class='ocrx_word' id='word_1_188' title='bbox 1319 4300 1415 4370; x_wconf 90' lang='lat' dir='ltr'>unu</span> <span class='ocrx_word' id='word_1_189' title='bbox 1432 4260 1625 4409; x_wconf 80' lang='lat' dir='ltr'>longior</span> <span class='ocrx_word' id='word_1_190' title='bbox 1655 4285 1743 4374; x_wconf 86' lang='lat' dir='ltr'>aut</span> <span class='ocrx_word' id='word_1_191' title='bbox 1757 4263 1975 4395; x_wconf 85' lang='lat' dir='ltr'>breuior,</span> 
     </span>
     <span class='ocr_line' id='line_1_25' title="bbox 237 4415 1975 4568; baseline 0.001 -43"><span class='ocrx_word' id='word_1_192' title='bbox 237 4417 527 4554; x_wconf 81' lang='lat' dir='ltr'>exstbr&#39;lotur</span> <span class='ocrx_word' id='word_1_193' title='bbox 556 4427 620 4543; x_wconf 52' lang='grc' dir='ltr'>ἐφ’</span> <span class='ocrx_word' id='word_1_194' title='bbox 649 4419 943 4568; x_wconf 81' lang='lat' dir='ltr'>exploditur.</span> <span class='ocrx_word' id='word_1_195' title='bbox 984 4421 1055 4527; x_wconf 84' lang='lat' dir='ltr'>Et</span> <span class='ocrx_word' id='word_1_196' title='bbox 1083 4415 1212 4526; x_wconf 89' lang='lat' dir='ltr'>libro</span> <span class='ocrx_word' id='word_1_197' title='bbox 1231 4419 1306 4527; x_wconf 87' lang='grc' dir='ltr'><strong>ΙΙΙ.</strong></span> <span class='ocrx_word' id='word_1_198' title='bbox 1340 4421 1403 4526; x_wconf 90' lang='lat' dir='ltr'>de</span> <span class='ocrx_word' id='word_1_199' title='bbox 1424 4421 1657 4528; x_wconf 84' lang='lat' dir='ltr'>Oratore</span> <span class='ocrx_word' id='word_1_200' title='bbox 1700 4458 1848 4527; x_wconf 89' lang='lat' dir='ltr'>num.</span> <span class='ocrx_word' id='word_1_201' title='bbox 1879 4433 1975 4564; x_wconf 85' lang='lat'>98.</span> 
     </span>
     <span class='ocr_line' id='line_1_26' title="bbox 236 4570 1979 4719; baseline -0.005 -31"><span class='ocrx_word' id='word_1_202' title='bbox 236 4583 440 4708; x_wconf 77' lang='lat' dir='ltr'>Quanto</span> <span class='ocrx_word' id='word_1_203' title='bbox 487 4575 737 4688; x_wconf 85' lang='lat' dir='ltr'>molliores</span> <span class='ocrx_word' id='word_1_204' title='bbox 770 4577 1176 4702; x_wconf 67' lang='lat' dir='ltr'>&amp;delicatiores</span> <span class='ocrx_word' id='word_1_205' title='bbox 1205 4579 1259 4684; x_wconf 91' lang='lat' dir='ltr'>in</span> <span class='ocrx_word' id='word_1_206' title='bbox 1288 4570 1448 4683; x_wconf 84' lang='lat' dir='ltr'>cautu</span> <span class='ocrx_word' id='word_1_207' title='bbox 1465 4573 1748 4717; x_wconf 84' lang='lat' dir='ltr'>flexiones,</span> <span class='ocrx_word' id='word_1_208' title='bbox 1792 4582 1856 4698; x_wconf 52' lang='grc' dir='ltr'>ὅ</span> <span class='ocrx_word' id='word_1_209' title='bbox 1874 4575 1979 4719; x_wconf 75' lang='lat' dir='ltr'>fiel·</span> 
     </span>
    </p>

    <p class='ocr_par' dir='ltr' id='par_1_4' title="bbox 285 4711 1978 4884">
     <span class='ocr_line' id='line_1_27' title="bbox 285 4711 1978 4884; baseline 0.002 -48"><span class='ocrx_word' id='word_1_210' title='bbox 285 4711 541 4862; x_wconf 57' lang='lat' dir='ltr'>fioscule,</span> <span class='ocrx_word' id='word_1_211' title='bbox 583 4767 728 4884; x_wconf 83' lang='lat' dir='ltr'>quum</span> <span class='ocrx_word' id='word_1_212' title='bbox 766 4753 913 4843; x_wconf 80' lang='lat' dir='ltr'>certae</span> <span class='ocrx_word' id='word_1_213' title='bbox 942 4727 1240 4874; x_wconf 64' lang='lat' dir='ltr'>&amp;struem</span> <span class='ocrx_word' id='word_1_214' title='bbox 1294 4728 1469 4877; x_wconf 80' lang='lat' dir='ltr'>quibus</span> <span class='ocrx_word' id='word_1_215' title='bbox 1499 4751 1801 4842; x_wconf 83' lang='lat' dir='ltr'>tamennon</span> <span class='ocrx_word' id='word_1_216' title='bbox 1837 4727 1978 4861; x_wconf 81' lang='lat' dir='ltr'>modo</span> 
     </span>
    </p>

    <p class='ocr_par' dir='ltr' id='par_1_5' title="bbox 289 4881 1978 5036">
     <span class='ocr_line' id='line_1_28' title="bbox 289 4881 1978 5036; baseline -0.004 -34"><span class='ocrx_word' id='word_1_217' title='bbox 289 4901 451 5033; x_wconf 61' lang='lat' dir='ltr'>queri,</span> <span class='ocrx_word' id='word_1_218' title='bbox 476 4887 601 5036; x_wconf 83' lang='lat' dir='ltr'>sed,</span> <span class='ocrx_word' id='word_1_219' title='bbox 623 4889 688 5028; x_wconf 83' lang='lat' dir='ltr'><em>st</em></span> <span class='ocrx_word' id='word_1_220' title='bbox 696 4885 1065 5036; x_wconf 80' lang='lat' dir='ltr'>saepiurfiunt,</span> <span class='ocrx_word' id='word_1_221' title='bbox 1106 4884 1368 4996; x_wconf 85' lang='lat' dir='ltr'>multituda</span> <span class='ocrx_word' id='word_1_222' title='bbox 1413 4881 1525 5033; x_wconf 78' lang='lat' dir='ltr'>ipfir</span> <span class='ocrx_word' id='word_1_223' title='bbox 1561 4887 1813 4997; x_wconf 68' lang='lat' dir='ltr'>reclamat.</span> <span class='ocrx_word' id='word_1_224' title='bbox 1895 4883 1978 4995; x_wconf 88' lang='lat' dir='ltr'>An</span> 
     </span>
    </p>
   </div>
   <div class='ocr_carea' id='block_1_4' title="bbox 1773 5036 2280 5169">
    <p class='ocr_par' dir='ltr' id='par_1_6' title="bbox 1773 4998 2280 5193">
     <span class='ocr_line' id='line_1_29' title="bbox 1773 5036 2280 5169; baseline -0.002 -17"><span class='ocrx_word' id='word_1_225' title='bbox 1773 5079 1902 5152; x_wconf 89' lang='lat' dir='ltr'>vero</span> <span class='ocrx_word' id='word_1_226' title='bbox 2277 5036 2280 5169; x_wconf 75' lang='grc' dir='ltr'>Ι</span> 
     </span>
    </p>
   </div>
   <div class='ocr_carea' id='block_1_5' title="bbox 0 0 2380 6025">
    <p class='ocr_par' dir='ltr' id='par_1_7' title="bbox 0 0 2380 6025">
     <span class='ocr_line' id='line_1_30' title="bbox 0 0 2380 6025; baseline 0 0"><span class='ocrx_word' id='word_1_227' title='bbox 0 0 2380 6025; x_wconf 95' lang='lat' dir='ltr'> </span> 
     </span>
    </p>
   </div>
  </div>
 </body>
</html>
