4750 6025
402 519 565 658 338:
624 465 626 471 ⁵
697 623 701 628 .
988 534 1195 622 anans
1237 533 1571 625 nuruum·-

341 753 355 818 χ
405 715 529 804 lamen
553 717 698 826 garrula
716 741 818 811 uox,
848 717 989 800 senibus
1004 743 1084 800 non
1107 719 1159 800 est
1176 742 1254 798 vox
1294 715 1607 800 simus'domiuus
1632 716 1755 802 noster
1775 713 2018 802 Innocentius
2047 726 2141 824 papa

396 835 674 939 supressum,
705 835 742 915 da
769 831 870 912 malas
893 835 1002 933 uocis,
1018 832 1137 912 homo
1162 831 1264 911 seme¹
1295 831 1442 929 citurus
1467 828 1625 910 musicos
1659 832 1773 924 colit,
1801 832 1986 922 observat.
2015 832 2140 913 hono-

406 972 474 1054 per
492 971 621 1028 canere
637 945 743 1043 suits
773 960 899 1029 natura
918 947 1015 1025 enim
1034 967 1179 1034 rerum,
1211 956 1254 1025 ut
1294 955 1380 1033 rat,
1412 940 1727 1044 ‘praedecessorum
1769 940 1914 1024 imitans
1965 942 2140 1046 uestigia?

407 1059 641 1164 Symmacho
657 1059 805 1162 patritio
833 1057 980 1161 placet.
1008 1057 1086 1145 est,
1117 1067 1161 1136 ut
1189 1057 1255 1159 qui
1294 1076 1426 1134 omnes
1449 1056 1548 1133 enim
1571 1051 1732 1139 Romani
1755 1056 1948 1159 pontifices
1966 1068 2032 1136 aut
2056 1076 2142 1138 mu·

406 1165 616 1254 balbutiunt
626 1173 639 1262 ‘,
648 1209 654 1244 s
671 1171 752 1274 plus
773 1169 996 1274 loquantur.
1026 1167 1194 1248 affetiant
1215 1182 1253 1247 e'·
1293 1163 1355 1279 fici
1396 1179 1528 1256 erant.
1570 1180 1637 1252 aut
1668 1165 1819 1251 musicis
1858 1167 2139 1260 detestabantur,

406 1289 485 1364 nim
518 1284 664 1387 'copiam
694 1282 870 1364 sermonis
899 1279 1042 1384 pudore
1066 1279 1252 1376 aefectum
1294 1301 1391 1382 quor
1408 1280 1534 1382 gratiis
1550 1281 1589 1357 du
1609 1279 1717 1370 donis
1737 1282 2142 1384 honorareruntqmm
2190 1363 2193 1368 .

294 1471 295 1474 a
406 1397 483 1478 hoc
504 1397 541 1475 u
565 1397 610 1474 de
634 1395 690 1474 his
711 1396 831 1474 dicere
855 1391 1007 1497 possem.
1042 1391 1254 1475 ‘'Concedi-
1294 1393 1474 1470 maximis.
1524 1388 1635 1488 Quid.
1650 1391 1877 1495 'invidissimi
1901 1395 2141 1496 imperatores

283 1573 285 1578 ,
391 1532 490 1608 mus
504 1505 660 1610 insuper,
676 1507 815 1588 multos
833 1505 1010 1609 sore-qui
1026 1528 1105 1590 uon
1119 1504 1164 1584 ad
1177 1502 1253 1584 Dei
1293 1501 1553 1585 Romanorum
1591 1500 1870 1608 sereuiiiimique
1907 1529 2011 1607 reges
2043 1504 2141 1616 sect·

377 1669 379 1674 -
405 1617 615 1709 honorem,
636 1617 800 1721 sed’pro
824 1617 976 1698 libidine
1002 1615 1070 1696 hac
1095 1629 1252 1698 utuntur
1292 1629 1401 1705 runt,
1430 1619 1469 1694 in
1497 1616 1649 1717 publico
1672 1617 1734 1697 est
1779 1614 1885 1714 Quid
1914 1615 2143 1698 Christianis·

308 1749 311 1754 ·
404 1721 509 1828 arte3
538 1729 598 1837 sed
613 1720 832 1810 artemideo
850 1726 1175 1831 fugiendamesse,
1197 1729 1253 1806 in·
1291 1725 1402 1808 fimus
1424 1725 1653 1810 Francorum
1681 1753 1767 1820 rex,
1788 1753 1831 1810 ac
1855 1753 1959 1831 reges
1985 1721 2138 1828 Argue,

405 1867 616 1947 congruum
644 1843 811 1924 videtur:
850 1865 919 1948 nec
952 1841 1047 1921 sacra
1077 1842 1252 1943 scriptura
1292 1839 1525 1940 Arragoniae,
1546 1837 1738 1944 Hispanias,
1756 1839 1967 1943 Huugariae,
1988 1841 2139 1944 Apuliae,

268 2031 269 2034 a
336 2008 339 2018 ·
406 1958 607 2061 quidquam
628 1958 731 2059 peius
754 1955 826 2044 est,
853 1977 901 2034 eo
924 1953 1028 2058 quod
1050 1953 1250 2056 aliquando
1292 1951 1472 2053 multique
1496 1955 1699 2057 principes,
1730 1953 1940 2057 praelatique
1965 1950 2137 2054 insignes,

404 2069 551 2171 haerpses
566 2091 612 2148 ex
626 2093 668 2174 ea
684 2066 910 2171 prodierunt.
942 2063 1042 2145 Abfit
1054 2089 1148 2165 ergo
1163 2063 1252 2168 pro-
1292 2062 1466 2144 Civitates
1491 2063 1631 2155 liberm,
1652 2090 1719 2168 per
1742 2065 1901 2155 italiam,
1920 2063 2077 2161 Galliam
2097 2087 2141 2146 ac
2165 2066 2169 2074 ’

361 2183 364 2188 ’
402 2194 486 2284 pter
521 2179 659 2288 paucos
696 2201 827 2259 omnes
862 2177 945 2257 sore
981 2176 1248 2266 annihilandos,
1292 2174 1528 2259 Germaniam
1554 2200 1625 2282 pro
1653 2179 1780 2268 nostro
1812 2200 1894 2271 aevo
1923 2175 2065 2257 musicis
2086 2175 2141 2256 se-

404 2295 501 2398 quit,
526 2292 616 2372 dicit
631 2289 854 2393 Augustinus
867 2288 913 2370 ad
926 2286 1145 2378 Licentsum,
1164 2313 1250 2370 caa-
1291 2299 1442 2381 cerunt,
1466 2286 1506 2371 da
1527 2287 1687 2382 faciunt,
1708 2290 1893 2378 nemo'est
1912 2292 1977 2396 qui
1995 2287 2139 2371 nemias.

403 2408 461 2484 tio
491 2405 600 2485 habet
635 2403 733 2485 suam
761 2402 1006 2492 hilaritatem,
1038 2399 1174 2483 etiamst
1204 2401 1251 2483 ad

402 2541 483 2598 esur
519 2501 687 2616 membra
720 2499 800 2595 non
849 2527 1007 2604 movet,
1044 2537 1130 2594 cum
1171 2514 1251 2617 ple·
1374 2530 1376 2533 ·
1594 2465 1739 2550 cm
1767 2464 1836 2549 VI·

403 2653 450 2710 ua
470 2627 651 2710 charitatis
674 2626 935 2726 modulatione
948 2639 1135 2734 cantatur3
1164 2627 1250 2705 licet
1345 2623 1441 2707 Ecce
1463 2630 1658 2732 quomodo
1680 2632 1777 2734 apud
1796 2628 1971 2733 gentiles,
1991 2627 2144 2712 Hebrae-

399 2742 511 2839 euim'
523 2737 758 2842 mprronnac
774 2753 850 2818 arte
867 2741 1067 2844 potiantur,
1088 2761 1166 2816 non
1181 2741 1250 2816 mi·
1290 2761 1355 2829 os,
1373 2738 1663 2832 acChristicolas
1678 2741 1860 2822 honorata
1884 2739 1928 2821 sit
1942 2740 2141 2832 mutium&

402 2877 473 2934 nus
489 2867 610 2933 tamen
628 2875 683 2932 ars
702 2856 740 2933 in
760 2845 1003 2934 resonam·
1033 2848 1250 2950 Commune
1288 2855 1387 2932 uarie
1409 2851 1561 2932 laudata.
1604 2852 1688 2933 Ner
1707 2855 1826 2936 modo
1855 2852 2004 2933 honore
2026 2868 2156 2948 caret·

401 2967 501 3046 enim
528 2963 682 3071 habetur
705 2965 965 3069 proverbium:
996 2975 1099 3075 quot·
1116 2955 1247 3065 capita,
1286 2985 1361 3042 nec
1406 2964 1620 3067 despicitur,
1661 2963 1727 3045 nisi
1771 2969 1817 3049 ab
1842 2967 2114 3070 ignorantibus
2122 2991 2138 3065 3

401 3092 461 3158 tot
481 3076 609 3158 seusus.
639 3075 731 3156 Non
751 3072 900 3179 possunt
921 3098 1052 3153 omnes
1072 3078 1248 3177 morigeri
1290 3099 1375 3154 nam
1409 3083 1492 3157 artis
1521 3081 1659 3158 inimici
1693 3078 1759 3158 soli
1791 3082 2006 3181 ignorantes
2040 3080 2137 3161 suut

318 3220 320 3223 ·
400 3188 494 3279 esse,
523 3213 610 3273 cum
632 3213 746 3284 nemo
767 3189 967 3267 artistarum
987 3186 1025 3264 id
1040 3186 1158 3276 faciat,
1176 3187 1248 3266 ho·
1290 3186 1434 3269 Cedant
1467 3212 1579 3291 ergo,
1624 3204 1791 3273 naturam
1829 3205 2031 3282 mutantes,
2070 3190 2138 3295 ipsi

351 3335 353 3339 ⁴
396 3302 499 3384 uesta
528 3314 649 3380 tamen
682 3302 830 3402 roganti
855 3297 1044 3379 habendus
1071 3300 1121 3377 est
1149 3323 1245 3389 mos,
1287 3300 1408 3380 insulsi
1440 3303 1592 3403 bipedes
1622 3300 1731 3403 asini,
1759 3324 1805 3384 ‘ac
1835 3304 1870 3383 se
1905 3299 2020 3397 vidos
2053 3297 2158 3385 sore'

398 3411 560 3496 ueuboc
575 3411 725 3521 quidem
748 3424 915 3493 cantores
932 3422 1069 3514 negant
1088 3423 1150 3493 aut
1164 3416 1247 3494 mu·
1286 3410 1532 3513 cognoscant,
1553 3412 1789 3519 deducatque
1807 3414 2040 3504 maledicere,
2062 3440 2138 3496 ma-

399 3524 472 3605 fici.
538 3612 541 3618 ,
635 3575 638 3583 ¹
799 3616 802 3622 .
903 3618 906 3629 ,
941 3616 942 3619 p
1284 3523 1407 3629 losada
1436 3549 1483 3605 ne
1501 3526 1653 3608 noscant
1684 3528 1765 3619 sua,
1795 3542 1839 3609 ut
1866 3532 1917 3609 ait
1935 3526 2135 3611 Comicus:

454 3636 510 3719 Ut
532 3648 655 3733 autem
676 3632 869 3744 mendaces
896 3655 960 3714 eos
979 3632 1152 3725 reddam,
1180 3637 1244 3740 qui
1286 3644 1373 3716 cunr
1400 3638 1473 3738 ipsa
1498 3662 1621 3731 ranas,
1643 3639 1856 3743 delphinos,
1883 3640 2030 3742 insuper
2052 3665 2137 3720 om·

399 3748 571 3831 musicam
597 3750 643 3827 de
665 3771 762 3851 pane
783 3746 962 3828 lucrando
990 3745 1070 3825 sore
1093 3762 1242 3848 negant,
1287 3751 1345 3827 uia
1378 3749 1446 3829 alia
1464 3754 1669 3848 ‚animantia
1693 3752 1740 3834 ad
1767 3755 1837 3834 suae
1871 3752 2135 3834 modulationis

399 3864 521 3945 dicere
550 3862 745 3943 convenit:
775 3882 903 3941 nonne
925 3860 1047 3937 omnis
1081 3858 1244 3939 ecclesa·
1285 3859 1449 3945 auditum
1466 3878 1665 3965 prouocat,
1687 3879 1729 3945 ut
1744 3867 1834 3946 dicit
1850 3861 2028 3961 isidorum
2047 3858 2135 3947 n'rm

390 3992 482 4061 rum
502 3986 704 4053 conventus
724 3972 906 4051 institutus
928 3968 1176 4075 fundatorque
1195 3972 1246 4049 est
1285 3997 1369 4053 aves
1392 3973 1605 4057 incessanter
1626 3974 1785 4083 canunt,
1805 3976 1832 4055 n
1864 3990 2009 4058 cantare
2033 3980 2135 4078 audi-

398 4086 444 4167 ad
481 4084 625 4165 laudem
658 4082 733 4167 Dei
763 4080 1048 4164 decantandam?
1075 4079 1135 4162 De
1170 4082 1246 4167 hoc
1285 4098 1377 4165 unt:
1408 4088 1506 4167 unde
1546 4090 1697 4191 quidem
1730 4088 1928 4171 dulcisona
1963 4089 2151 4173 volucres

321 4236 323 4241 v
399 4198 548 4305 quidam
570 4200 637 4275 ait:
669 4198 900 4275 idteromnia
919 4192 1245 4277 ecciefiaeinst-ituta
1270 4196 1502 4279 'modulante
1540 4217 1694 4301 gutture
1723 4225 1836 4283 voces
1872 4205 2048 4283 emittunt
2078 4207 2136 4285 iu-

397 4310 543 4395 nullum
570 4306 658 4389 Deo
697 4309 863 4408 gratius.
919 4330 1031 4419 quam
1068 4310 1245 4389 continua
1285 4312 1383 4409 giter
1409 4326 1591 4391 canentes.
1636 4314 1708 4393 Sed
1737 4316 1777 4400 dr
1803 4312 1915 4418 pisces
1941 4314 1988 4395 ad
2016 4316 2135 4396 meso-

397 4420 606 4527 psalmodia
642 4418 866 4515 decantati03
903 4420 942 4499 dt
974 4416 1081 4498 alibi:
1111 4418 1244 4530 clama·
1286 4423 1382 4499 diam
1396 4440 1697 4526 congregantur:
1721 4427 1820 4506 unde
1833 4427 1943 4508 refert
1953 4427 2132 4530 Ageliius,

372 4536 492 4614 bunt
522 4534 567 4613 ad
600 4556 660 4613 nre
699 4532 835 4622 levitae,
867 4533 905 4613 dt
939 4554 1012 4633 ego
1051 4532 1243 4613 exaudium
1286 4535 1389 4637 quod
1414 4536 1527 4615 Arion
1552 4539 1591 4615 iu
1614 4562 1712 4617 mare
1732 4543 1995 4642 praecipitatus,
2014 4567 2036 4620 a
2056 4544 2134 4626 des.

398 4664 474 4733 eos.
522 4643 618 4747 Quis
652 4668 729 4725 non
759 4643 962 4745 intelligat,
993 4642 1164 4725 musicam
1191 4644 1244 4724 es·
1283 4646 1404 4749 phinis
1426 4650 1463 4726 in
1488 4664 1641 4750 portum
1667 4650 1806 4733 delatus
1832 4655 1872 4733 dc
1895 4653 2044 4737 saluatus
2065 4659 2130 4751 est,

396 4756 432 4836 se
468 4759 607 4838 causam
648 4760 770 4837 omnis
812 4751 1034 4847 Praelaturaes
1076 4756 1147 4836 Sed
1185 4756 1242 4837 his
1284 4762 1449 4863 eoquod
1465 4763 1602 4844 cithara
1618 4764 1763 4844 dulcem
1781 4766 1910 4850 sonum
1927 4771 2129 4855 &carmen

380 4866 549 4959 omissas,
574 4870 778 4959 videamus,
800 4883 977 4973 quantum
999 4868 1126 4949 uostris
1146 4882 1240 4947 tem·
1280 4870 1376 4951 iilius
1392 4873 1493 4954 casus
1509 4876 1730 4975 consolabile
1737 4883 1950 4985 priusquam
1962 4882 2145 4966 submer.'

366 4994 367 4998 '
394 4982 548 5087 poribus
570 4982 686 5062 ualeat
713 4978 854 5063 muster.
894 4980 1088 5088 Numquid
1101 4981 1239 5063 sanstis-
1278 4999 1451 5085 geretur,
1481 4991 1700 5093 peregerat
1724 4990 1835 5075 Unde
1857 4994 2027 5079 Gerson:

1862 5223 1866 5229 ἦ
1963 5110 2068 5235 Ῥια-
