4750 6025
382 519 500 643 190
937 508 1194 599 ιοιιιιιι
1237 509 1317 599 ιιι
1360 505 1552 603 munos

433 698 479 781 ln
498 695 614 781 eodem
634 688 821 797 Parilienfi
834 690 912 798 solo
931 698 1151 775 continenter
1163 692 1330 796 sequitur
1349 693 1459 777 Liber
1473 695 1524 779 ll.
1538 685 1607 796 seu
1624 690 1766 779 Mulon
1785 688 1938 801 prema
1955 691 2109 776 launoio

376 814 424 895 de
443 810 572 895 Muris.
611 808 719 891 Hune
738 812 921 909 excipiunt
939 808 1101 889 Eiusdem
1124 810 1338 913 quaetione·
1359 808 1466 913 super
1486 824 1605 914 panea
1624 808 1777 892 musicae
1835 808 1913 916 Qui
1930 810 2110 888 tradatur

377 927 470 1007 idem
488 922 574 1028 sere
597 924 646 1003 ad
665 920 814 1003 uerbum
834 919 880 1019 eti
900 938 981 1001 oum
999 946 1061 1011 eo.
1093 924 1155 1021 qui
1178 926 1220 1001 in
1240 921 1312 1001 alio
1335 922 1407 1001 oud
1425 920 1608 1024 Suedius
1626 921 1697 1022 sec.
1717 918 1824 1002 XIV.
1845 926 1932 1002 ciro.
1954 922 2109 1021 ittoiae't:

376 1032 425 1122 Et
445 1038 495 1118 ell
515 1035 818 1135 sciendumque·
838 1047 958 1115 tomen
978 1034 1104 1131 influe
1124 1033 1387 1135 aliquantulum
1403 1033 1589 1136 prolixior
1609 1032 1663 1128 es.
1722 1032 1768 1118 tn
1792 1036 1901 1115 citato
1924 1024 2114 1141 Parrfieoss

379 1151 497 1229 eadem
519 1168 627 1227 mann
649 1148 814 1229 nonnulla
840 1146 954 1227 adhue
972 1156 1182 1248 ponuntur,
1213 1171 1288 1247 qua
1306 1150 1449 1247 pariter
1472 1146 1603 1226 loanni
1623 1147 1666 1227 de
1686 1145 1815 1226 lldteris
1837 1143 2029 1225 tribuenda
2050 1143 2112 1221 ui·

379 1260 530 1353 dentur,
570 1258 632 1361 etst
657 1258 807 1349 alterins
830 1258 1048 1361 scriptori53
1075 1258 1250 1358 Hugonir'
1266 1258 1428 1363 scilicet,
1454 1256 1648 1357 sententies
1664 1256 1817 1357 subinde
1841 1254 2005 1359 reserat,
2034 1276 2114 1335 ma·

376 1378 478 1453 aine
500 1394 608 1473 quum
633 1374 673 1451 in
689 1372 765 1469 fine
794 1374 918 1473 rursus
948 1382 1093 1451 notetur
1119 1372 1267 1452 Ioannes
1291 1372 1333 1451 de
1355 1371 1495 1451 Muris.
1555 1368 1752 1450 tntiieitar
1775 1371 1949 1469 denique,
1979 1371 2045 1469 aui
2072 1369 2115 1445 in

380 1489 498 1569 aarum
528 1482 715 1585 Pareyienfi
733 1481 849 1585 postea
876 1484 1011 1585 legitur
1040 1484 1209 1565 tradatur
1234 1484 1281 1565 de
1306 1483 1516 1564 differentiis
1548 1484 1586 1563 do
1617 1486 1813 1586 generibus
1842 1497 2062 1573 cautorum.
2092 1506 2117 1564 a

380 1598 553 1703 magistra
584 1597 777 1701 Arnalpho
808 1598 853 1676 de
880 1597 915 1679 S.
937 1596 1086 1679 Gilleno
1117 1598 1248 1677 edituo.
1311 1598 1482 1675 Ceterum
1508 1598 1655 1674 ueniant
1673 1591 1789 1695 facile
1816 1594 2034 1675 nerettnne·
2045 1590 2119 1691 ιβ

380 1712 549 1813 maedam
578 1712 662 1819 bitte
690 1712 771 1789 inde
795 1710 961 1789 dictiones
984 1734 1026 1788 ne
1050 1724 1119 1807 per
1146 1710 1383 1789 eonieonran
1409 1708 1549 1808 quidem
1575 1718 1638 1785 aut
1664 1710 1904 1787 en'oontextn
1932 1704 2116 1815 expiscari

378 1824 507 1914 licuit'.
537 1825 621 1903 adeo
645 1825 804 1913 minente,
829 1824 1000 1913 evanida,
1032 1819 1080 1911 Ed
1105 1834 1264 1902 ornatos
1289 1824 1397 1901 etiam
1422 1820 1538 1901 oeulos
1551 1817 1719 1921 fiegieate
1741 1822 1942 1901 obaradere
1958 1818 2117 1921 perscri-

376 1950 460 2039 ptus
486 1928 538 2030 ell‘
554 1933 614 2029 isle
640 1933 821 2027 Forsdeus
841 1934 970 2025 codex,
1001 1959 1044 2013 ao
1065 1932 1210 2035 insuper
1224 1936 1406 2035 perpetuis
1426 1957 1489 2011 nee
1504 1932 1574 2030 fite
1594 1930 1826 2026 conflantibus
1845 1932 2119 2015 mueoiuarie

369 2048 512 2156 [ιιιιιε
541 2046 618 2129 bea
644 2071 734 2127 nero
760 2048 820 2127 illa
844 2046 943 2126 band
965 2045 1197 2127 extricabilia
1218 2045 1379 2149 asterisco
1402 2048 1443 2125 in
1465 2056 1570 2125 textu
1590 2048 1808 2127 notavimus.

576 2222 841 2337 SUMMA
880 2224 1230 2357 MAGISTRI
1269 2220 1563 2335 IOANNIS
1602 2223 1666 2331 de
1697 2222 1930 2336 MURlS.

835 2424 918 2530 Eoo
947 2419 1069 2529 MS.
1105 2412 1274 2559 Pariſs
1303 2452 1429 2524 nunc
1458 2421 1506 2525 S.
1523 2410 1664 2559 Blaſs
1715 2463 1718 2467 ·

484 2610 667 2690 micorum
706 2608 792 2689 iusta
830 2611 868 2687 &
908 2612 1058 2689 honesta
1095 2614 1228 2713 petitio
1268 2606 1436 2690 confessa
1460 2612 1677 2712 ignorantia
1704 2610 1866 2715 ipsorum
1890 2608 1973 2690 iore
1996 2608 2118 2689 exilii·

512 2723 652 2821 condio
683 2734 891 2823 reputatum
921 2723 989 2801 hac
1016 2726 1137 2825 itaque
1167 2746 1228 2801 me
1270 2724 1388 2812 maai,
1417 2724 1455 2801 de
1477 2722 1784 2805 confederandam
1805 2726 1982 2814 maxime,
2002 2739 2043 2803 ut
2061 2746 2119 2803 re·

512 2833 717 2913 stimulante
749 2835 853 2937 super
883 2834 1046 2914 dodrioa
1085 2832 1228 2915 muficae
1269 2833 1433 2936 gularem
1458 2850 1606 2917 cantum
1631 2836 1893 2939 cognoscendo
1916 2850 2117 2925 ornarent,

379 2946 659 3050 componenda,
684 2946 893 3038 scribenda,
917 2948 1085 3028 docenda
1109 2950 1228 3028 inteu-⁴
1271 2948 1309 3026 da
1345 2948 1528 3028 cantando
1572 2953 1665 3033 inter
1699 2951 1890 3052 imperitae
1933 2946 2117 3030 honorem

380 3058 446 3154 dl;
490 3063 574 3162 qula
603 3058 706 3138 facile
738 3061 775 3137 ia
808 3061 971 3162 qualibet
1003 3059 1133 3162 infigni
1168 3085 1228 3140 ec·
1269 3064 1550 3161 contingerent,
1583 3077 1624 3143 ut
1652 3067 1766 3164 magio
1798 3061 1969 3164 procedi.

380 3169 483 3251 clesia
522 3175 752 3273 reperiantur
791 3172 938 3273 quidam
975 3175 1012 3252 ia
1048 3173 1115 3253 hac
1151 3190 1228 3252 arte
1326 3171 1387 3252 De
1416 3171 1548 3254 musica
1581 3190 1703 3256 mmeu
1728 3201 1773 3253 an
1802 3172 1844 3254 fit
1872 3197 1929 3253 ara
1958 3173 2117 3256 liberalia

380 3297 646 3385 competenter
671 3285 800 3384 periti:
845 3289 881 3363 δι
916 3283 944 3362 fi
988 3287 1226 3386 nugatorium
1270 3285 1328 3364 vel
1360 3279 1474 3375 ιιοιι.’
1498 3288 1535 3365 do
1564 3288 1653 3392 quid
1686 3288 1815 3369 babeat
1845 3309 1916 3389 pro
1958 3288 2117 3369 subiecta

380 3395 581 3498 quidquam
600 3395 645 3471 de
665 3393 796 3474 mustea
816 3397 936 3476 dicere
958 3397 1225 3499 praesumerem,
1269 3398 1308 3476 ἀ
1337 3421 1419 3502 qaae
1451 3397 1494 3478 fit
1530 3395 1678 3504 propria
1708 3400 1817 3503 passio
1848 3401 1991 3482 subiedi
2023 3403 2119 3480 eiua

380 3507 418 3586 id
441 3507 556 3610 ipsum
582 3505 639 3584 rel
657 3511 872 3606 arrogantia
894 3533 982 3588 mea
1004 3508 1059 3588 vel
1082 3513 1228 3594 temeri»
1269 3511 1375 3601 dem,
1402 3511 1438 3588 δι
1470 3512 1624 3615 qualiter
1659 3509 1857 3594 secundum
1894 3515 2116 3616 proportio·

381 3621 445 3696 tati
475 3618 562 3696 mihi
596 3615 736 3698 alsoetae
767 3620 864 3697 forte
893 3619 1152 3702 adscriberetur
1180 3619 1227 3702 ab
1269 3647 1333 3702 nes
1367 3626 1607 3704 numerorum
1636 3627 1781 3706 fundari
1799 3629 1847 3704 'da
1877 3627 2014 3706 institui
2052 3625 2117 3706 ha-

380 3728 484 3833 losin,
512 3733 550 3809 lla
571 3733 722 3833 quando
752 3733 806 3810 vel
827 3729 961 3811 absenti
985 3733 1039 3813 vel
1061 3737 1225 3836 prasenti
1268 3737 1376 3816 beant
1402 3738 1604 3829 intervalla,
1636 3743 1674 3819 du
1702 3743 1795 3822 circa
1823 3738 1893 3842 ipsa
1920 3736 2116 3820 confision-

381 3841 471 3920 mihi
492 3844 691 3945 quomodo
712 3843 818 3945 possit
837 3845 933 3934 fieri,
954 3871 1032 3949 qua
1052 3848 1167 3927 staltis
1186 3851 1225 3927 do
1267 3853 1336 3938 tia,
1363 3849 1484 3930 dicere
1516 3851 1778 3955 supersedeb03
1808 3854 1914 3956 super
1944 3857 2035 3931 vires
2060 3865 2116 3932 et·

378 3951 574 4034 ambitiosis
596 3957 816 4059 quandoque
838 3957 954 4036 solent
974 3963 1157 4062 proponi,
1175 3985 1223 4039 aa
1267 3963 1364 4039 enim
1393 3984 1612 4064 puerorum·
1635 3968 1687 4046 ett
1713 3967 1789 4048 boc
1823 3969 2041 4069 negotium,
2073 3965 2115 4046 da

377 4066 511 4145 scilicet
524 4069 674 4167 exigant
688 4091 818 4168 panem
834 4071 1022 4148 meliorem
1038 4095 1147 4174 quam
1164 4075 1228 4152 tri·
1269 4076 1416 4154 maioris
1440 4077 1610 4176 indigena
1637 4078 1888 4182 inquistionis.
1932 4077 2029 4161 Illud
2052 4102 2116 4159 ve·

379 4180 515 4266 ticum,
537 4180 574 4257 da
592 4197 723 4280 potum
746 4181 933 4260 meliorem
955 4209 1063 4287 quam
1086 4187 1224 4264 vinum.
1269 4199 1314 4264 ra
1336 4188 1647 4290 quemadmodum
1677 4194 1723 4271 de
1752 4193 1806 4271 bis
1833 4217 1875 4272 ac
1901 4192 1947 4270 de
1972 4169 2113 4295 propo:

435 4288 506 4370 Sed
533 4315 617 4370 cuno
649 4293 856 4394 frequenter
884 4297 1222 4389 animadverterem,
1266 4295 1362 4388 fitia,
1403 4302 1441 4378 &
1482 4303 1631 4404 quidam
1675 4306 1845 4386 moderni
1884 4303 1923 4382 δι
1962 4307 2111 4407 quidam

376 4399 565 4484 sociorum
584 4406 621 4481 da
641 4405 901 4506 discipulorum
924 4432 1091 4490 meorum
1112 4434 1224 4513 quam
1265 4414 1426 4516 antiqui,
1459 4415 1679 4496 &maxime
1709 4417 1845 4500 horum
1875 4414 1987 4508 Odo,
2018 4417 2114 4500 Gui-

374 4513 554 4618 plurimos
582 4539 700 4594 errare
726 4521 883 4615 graviter
908 4524 947 4600 in
982 4525 1057 4610 via,
1088 4523 1124 4602 id
1159 4524 1221 4616 est,
1265 4526 1350 4615 do,
1392 4525 1597 4619 Salomon,
1640 4533 1677 4608 dt
1714 4531 1948 4613 Hermaanus
1995 4535 2114 4636 magia

376 4629 414 4704 in
441 4625 518 4714 bia,
549 4651 629 4730 quae
654 4627 736 4708 sont
760 4633 935 4732 principia
961 4632 1127 4726 musica,
1158 4635 1224 4716 sci·
1267 4639 1504 4741 probabiliter
1531 4641 1787 4739 trasiaverunt,
1819 4648 1972 4727 scribere
1994 4663 2115 4726 atten-

346 4735 462 4816 ‚licet
496 4740 533 4816 lo
571 4743 787 4841 cognitione
825 4745 1099 4827 intervallorum
1141 4773 1224 4854 quae
1266 4753 1381 4839 tabo,
1412 4753 1456 4830 ab
1495 4753 1681 4836 altioribus
1718 4760 1865 4861 quidem
1903 4761 2113 4865 quaestioni·

372 4847 420 4930 ab
453 4851 656 4954 equalitate
692 4851 896 4945 sonatum,
928 4858 985 4939 vel
1021 4859 1221 4942 secundum
1264 4863 1333 4943 buo
1355 4863 1544 4944 abstinens.
1589 4867 1838 4973 Simpliciorer
1860 4899 1948 4956 vero
1968 4871 2113 4952 media-

370 4956 525 5041 arba&
555 4961 669 5045 theba
681 4983 905 5061 momatur,
933 4969 1219 5056 succurrendum
1256 4977 1372 5078 ,ariter
1403 4978 1631 5077 teuledum,
1662 4984 1818 5091 plurima
1850 5007 1973 5073 tamea
1999 4987 2116 5066 omit-

1966 5117 2056 5198 tim,
