4750 6025
648 537 1051 630 LUCIDARIUM
1090 543 1334 630 MUSICAE
1372 545 1598 634 ΜΝΞ.
1916 559 1998 677 95

80 737 82 846 ζ
309 725 354 809 Io
378 723 603 811 semiditono
628 749 718 809 vero
741 729 779 808 &
802 743 895 812 tooo
924 725 1041 833 panta
1060 725 1330 815 chromaticum
1347 725 1587 812 >diatonicum
1608 754 1726 834 genus
1749 733 1831 824 est,ss
1853 747 1896 816 ut
1910 729 2003 819 hic:¹

307 1325 366 1412 Ex
409 1329 586 1433 praediffle
626 1328 942 1436 comprehendere
979 1325 1103 1435 poffu·
1143 1327 1368 1428 intelligatur
1402 1355 1440 1412 a·
1458 1321 1541 1408 oua,
1576 1335 1682 1438 quod
1714 1333 1805 1426 duo,
1836 1335 1990 1420 teffaron

251 1465 356 1532 mus,
377 1443 574 1548 quomodo
603 1447 736 1524 merito
762 1441 947 1525 difiniatur
974 1444 1100 1524 diates·
1143 1452 1319 1540 quatuor,
1350 1468 1398 1522 eo
1433 1443 1538 1546 quod
1578 1447 1659 1528 duae
1696 1446 1842 1533 diverse
1882 1475 1992 1531 roceo

249 1554 357 1635 saron
393 1548 514 1642 aius,
554 1557 658 1661 quod
694 1557 744 1636 est
761 1559 831 1646 ite,
865 1557 903 1634 δι
929 1580 1100 1651 escaque
1141 1553 1304 1634 suntad
1340 1558 1498 1636 invicem
1529 1557 1698 1640 distantes
1739 1586 1803 1663 per
1831 1578 1993 1666 quatuor

249 1670 428 1769 quotuor,
449 1671 533 1771 quia
558 1671 604 1748 de
627 1685 787 1774 quatuor
812 1670 912 1748 sonis
933 1667 1007 1746 five
1034 1689 1100 1744 vo·
1142 1668 1273 1756 sonos,
1300 1669 1360 1747 vel
1386 1669 1491 1772 quod
1517 1670 1596 1750 duo
1624 1688 1786 1753 extrema
1814 1674 1874 1756 sua
1902 1699 1994 1779 qua-

249 1783 353 1864 cibue
390 1780 503 1886 ipsam
550 1782 809 1890 cognoscimus
850 1783 1098 1870 constitutam,
1142 1793 1230 1861 tuor
1252 1781 1361 1861 sonos
1389 1784 1606 1863 contineant
1632 1784 1812 1866 inclufive.
1860 1786 1992 1886 Quan-

80 1927 81 1934 ¹
250 1893 385 1976 scilicet
408 1893 562 1974 duobus
592 1897 698 1974 tonie'
717 1897 756 1974 δι
783 1918 861 1976 uno
881 1894 1095 1981 semitonio.
1141 1893 1192 1971 do
1226 1897 1324 1972 enim
1358 1884 1420 1965 ua
1459 1893 1626 1978 scribitur
1661 1922 1727 2001 per
1760 1925 1780 1968 υ
1812 1924 1990 2003 graecum,

249 1999 319 2112 qui
348 2007 436 2088 iicet
474 2029 560 2110 nun¹
596 2003 666 2088 fint
708 2005 775 2086 nifi
813 2005 977 2112 quaedam
1017 2007 1096 2094 tria,
1143 2009 1233 2086 tunc
1248 2005 1316 2083 duo
1332 2005 1486 2097 dicitur,
1505 2010 1655 2112 quando
1676 2025 1801 2092 autem
1818 2037 1885 2117 per
1907 2016 1920 2091 i
1942 2013 1991 2093 la-

80 2143 82 2152 *
249 2123 334 2225 quia
361 2120 453 2208 duo¹
469 2120 507 2198 δι
535 2120 679 2210 unuin,
710 2134 833 2199 tamen
860 2133 1020 2224 quatuor
1046 2115 1100 2208 di·
1142 2120 1285 2209 tinum,
1316 2119 1468 2199 denotat
1494 2121 1546 2198 de.

80 2221 82 2270 ³
250 2233 438 2314 versorum
468 2233 644 2313 sonorum
678 2237 830 2312 nomina
856 2229 1100 2335 compreheo·
1198 2230 1411 2335 Specietum
1435 2247 1558 2313 autem
1583 2231 1797 2315 diatessaron
1823 2237 1892 2319 alia
1918 2239 1992 2341 pti·

250 2346 355 2428 dunt.
405 2345 499 2426 Sunt
518 2389 520 2394 2
540 2348 638 2424 enirn
678 2344 850 2425 nonnulli
887 2343 1098 2424 definientes
1142 2364 1223 2432 naa,
1253 2343 1321 2423 alia
1346 2343 1520 2434 secunda,
1552 2347 1590 2423 ἀ
1618 2347 1686 2426 alia
1712 2351 1815 2428 tertia
1844 2349 1989 2430 dicitur.

80 2495 81 2500 Ν
251 2455 468 2539 diateiiaron
497 2456 566 2547 iic,
599 2458 637 2535 &
674 2482 738 2560 per
768 2456 993 2558 consequens
1023 2453 1100 2532 dia·
1140 2451 1263 2534 Prima
1282 2479 1374 2557 ergo
1396 2455 1528 2558 species
1547 2455 1763 2540 diatessaron
1784 2463 1925 2540 constat
1943 2486 1992 2541 ex

248 2586 364 2679 pente
403 2571 474 2650 &c
514 2571 644 2650 dicunt
684 2573 782 2650 enim
822 2566 1037 2648 diatessaron
1078 2589 1100 2644 a
1141 2579 1255 2657 tono,
1277 2567 1651 2660 semitonio&tono,
1671 2571 1797 2652 &hoc
1811 2575 1989 2676 intellige,

251 2685 333 2773 na,
364 2683 470 2788 qood
498 2683 547 2761 eii
571 2681 661 2772 duo,
692 2680 745 2781 (a)
767 2679 988 2761 &tessaron
1013 2701 1100 2777 quu-
1141 2702 1208 2782 per
1229 2678 1436 2768 ascensum,
1463 2685 1593 2772 otest,
1616 2685 1662 2763 ab
1686 2684 1728 2762 A.
1751 2689 1854 2785 gravi
1876 2687 1921 2765 ad
1939 2686 1989 2768 D.

250 2808 355 2888 tuor,
376 2797 570 2892 scribentes
596 2783 661 2863 iou
683 2819 749 2898 per
775 2821 794 2864 v
819 2815 998 2895 graecum:
1017 2815 1099 2896 quae
1140 2813 1272 2891 grane,
1301 2792 1339 2869 &
1362 2795 1401 2870 in
1427 2793 1594 2894 quolibet
1616 2797 1689 2874 alio
1713 2795 1823 2888 loco,
1856 2799 1920 2878 ubi
1937 2814 1992 2880 ta-

252 2911 411 3016 quidern
430 2907 595 2991 definitio
630 2907 775 2988 tolerari
808 2907 947 3009 potest:
978 2919 1021 2986 ut
1051 2903 1099 2984 fic
1141 2904 1185 2982 lis
1212 2904 1263 2983 est
1289 2904 1503 2984 coniunctio
1531 2905 1732 2998 sonorum,
1764 2923 1807 2990 ut
1832 2907 1916 2992 hic:

310 3510 478 3593 Secunda
504 3510 635 3614 species
661 3503 874 3588 diateiiaron
901 3504 1042 3585 constat
1070 3524 1119 3580 ex
1149 3500 1294 3582 duobus
1320 3503 1419 3581 tonis
1451 3503 1489 3581 δε
1518 3502 1713 3585 semitonio
1739 3504 1901 3587 fimiliter
1925 3532 1992 3612 per

253 3622 463 3715 ascensum,
495 3640 537 3705 ut
561 3624 612 3703 est
638 3647 660 3703 a
685 3618 728 3702 C.
762 3621 863 3719 gravi
894 3617 940 3697 ad
972 3616 1010 3697 F.
1041 3638 1177 3718 graue.
1208 3617 1247 3692 ὅτ
1277 3615 1314 3692 in
1343 3617 1448 3693 omni
1482 3615 1593 3707 loco,
1623 3617 1688 3697 ubi
1718 3619 1797 3698 talie
1824 3620 1875 3700 est
1898 3643 1991 3701 coo·

80 3818 81 3823 a
240 3738 393 3827 ,iunctio
419 3737 619 3826 sonorum,
652 3747 693 3815 ut
717 3732 800 3814 hic:

320 4334 447 4416 Tertia
471 4333 614 4414 constat
640 4355 687 4410 ex
721 4331 915 4409 semitonio
944 4328 982 4406 δε
1012 4327 1158 4408 duobus
1183 4325 1303 4415 tonis.
1331 4338 1422 4429 pute
1449 4347 1515 4425 per
1538 4324 1746 4416 ascensum,
1776 4338 1819 4409 ut
1840 4327 1893 4408 est
1921 4323 1993 4434 ala

257 4450 361 4557 gravi
383 4441 481 4529 adli
502 4470 613 4551 grave
636 4446 673 4524 &
697 4446 736 4521 in
760 4445 866 4521 omni
889 4442 998 4531 loco,
1028 4440 1094 4521 ubi
1115 4436 1196 4521 talis
1217 4439 1269 4519 est
1290 4435 1504 4519 coniunctio
1529 4436 1708 4519 sonorum
1737 4454 1778 4519 ut
1803 4440 1889 4520 hie:
