4750 6025
804 473 1045 566 musica
1087 457 1234 566 unns
1275 457 1488 568 aurata.
1895 477 2010 600 333

283 673 349 745 net
369 657 541 767 patefient
565 655 749 744 musicales
771 673 833 744 ant
847 657 1125 752 harmonicales,
1167 662 1226 744 ius
1245 686 1354 744 voees
1372 661 1457 744 sunt
1474 657 1685 744 materiales.
1707 649 1860 744 'Verulis
1878 660 2013 765 usualis

282 795 370 856 enm
409 775 554 881 aliquali
588 771 799 856 diseullione
833 773 1125 877 proportionum
1168 775 1218 855 eil
1228 773 1367 855 emillio
1385 777 1486 855 vocis
1499 797 1624 854 carens
1640 775 1843 879 principiis,
1856 798 2011 881 perqoar

282 884 597 968 arithmeticalium
623 886 1012 989 &geometricalium
1052 884 1127 988 lgi·
1167 889 1247 989 regi
1270 887 1440 975 deberet,
1472 901 1517 968 ut
1544 887 1597 966 est
1624 900 1751 968 tantm
1784 886 1914 989 vulgi,
1945 891 2011 993 qni

282 1005 345 1078 tur
369 1014 440 1103 pro
462 1001 587 1103 primo
1166 1021 1246 1078 non
1277 998 1394 1078 solnm
1429 996 1660 1088 hominibus,
1690 997 1881 1079 sedetiam
1922 1001 2011 1082 bru·

609 1109 749 1204 Caena
773 1107 802 1191 l.
1167 1112 1214 1188 tis
1237 1110 1416 1220 adaequari
1450 1108 1558 1213 pollit
1580 1133 1635 1189 ex·
1661 1110 1830 1192 instiudin
1859 1124 2005 1193 naturae.

340 1219 704 1306 Mancaltsdefin'ino
723 1222 800 1302 haec
820 1223 879 1302 en.
903 1218 1052 1302 ,Musca
1075 1221 1126 1300 est
1167 1219 1310 1302 Venalis
1324 1219 1489 1321 regulata
1512 1223 1562 1301 est
1579 1220 1784 1302 modulatio
1796 1221 2005 1313 dulcissima,

282 1356 340 1414 ars
357 1332 493 1414 docens
510 1357 618 1415 voces
640 1335 828 1424 formare,
858 1333 1030 1418 formatas
1058 1357 1125 1436 per
1166 1356 1279 1439 penes
1298 1333 1479 1414 ascensum
1498 1333 1553 1412 vel
1569 1333 1780 1414 descensum
1792 1335 2008 1436 regulariter

280 1443 412 1526 sonum
440 1447 532 1528 reda
558 1450 802 1551 proportione
817 1457 1037 1526 accentuare.
1052 1442 1124 1525 Vel
1164 1445 1467 1548 ardficialiterque
1484 1447 1697 1534 constantia,
1720 1448 1757 1525 δι
1771 1447 1823 1527 est
1836 1447 1907 1550 ipsa
1917 1470 2008 1551 qua.

280 1555 355 1639 fic:
383 1558 434 1638 esi
448 1557 602 1638 libemlis
619 1556 762 1638 scientia
781 1557 994 1660 potestatem
1022 1580 1121 1636 uera·
1162 1555 1347 1661 tlruplex,
1377 1570 1421 1637 ut
1444 1557 1614 1664 sequitur.
1673 1557 1814 1638 Mufica
1841 1558 2009 1658 regulata

196 1756 199 1763 ,
280 1673 373 1751 citer
389 1669 671 1774 regulariterque
685 1670 837 1749 cauendi
856 1668 1118 1750 administrans.
1160 1690 1251 1748 nera
1273 1671 1352 1758 est,
1376 1692 1457 1773 qnae
1473 1669 1571 1749 ratio
1587 1670 1731 1750 tramite
1749 1672 1915 1772 procedit
1939 1694 2006 1775 per

278 1779 429 1866 Dicitur
445 1779 597 1872 musica,
626 1795 669 1862 ut
687 1779 846 1862 llldorus
873 1777 1119 1884 primoEthy·
1160 1781 1299 1871 dares,
1329 1778 1405 1861 line
1427 1805 1565 1863 vocum
1590 1780 1882 1882 transpositione,
1908 1782 2005 1862 limi·

279 1891 370 1974 mol
393 1893 523 1984 refert,
554 1891 652 1997 quali
669 1895 848 1974 musarum
868 1895 1030 1983 scientia,
1059 1891 1118 1970 vel
1159 1908 1196 1973 te
1214 1892 1280 1973 suo
1299 1905 1483 1973 contenta·
1501 1891 1759 1993 Regulutassln
1778 1895 1839 1984 est,
1856 1896 2005 1998 quando'

279 2005 445 2087 amusan
467 2006 707 2086 instrumento
735 2003 872 2086 musico
896 2005 970 2084 aliie
995 2005 1118 2084 omui·
1159 2007 1199 2084 in
1218 2005 1381 2084 clavibus
1397 2029 1505 2085 voces
1534 2019 1843 2109 transponuntur,
1871 2022 2006 2112 utputo

277 2109 349 2197 bus
361 2131 473 2220 apto;
491 2117 548 2199 rel
566 2142 586 2198 a
603 2113 792 2208 medulica,
810 2117 847 2195 id
861 2118 930 2215 est,
947 2140 968 2196 a
985 2113 1118 2196 modu·
1159 2118 1199 2195 in
1215 2117 1411 2206 omuibus,
1439 2121 1479 2194 in
1501 2117 1633 2219 quibus
1663 2114 1712 2218 fo
1736 2117 1902 2199 localiter
1926 2143 2006 2201 non

278 2227 416 2310 lamine
431 2229 549 2321 ditta,
581 2253 661 2335 quae
678 2253 754 2308 non
771 2229 821 2308 est
836 2227 901 2308 nili
925 2231 965 2308 iu
982 2250 1116 2308 vocum
1159 2231 1332 2333 punitur,
1362 2228 1479 2329 potell
1502 2231 1593 2331 poni
1616 2227 1655 2310 B.
1674 2230 1813 2328 molle3
1841 2229 2005 2312 similiter

278 2340 403 2421 debita
428 2341 676 2422 consonantia.
719 2341 791 2424 Sed
818 2340 1042 2443 Augustinus
1072 2336 1119 2417 ad
1159 2343 1198 2418 in
1218 2341 1391 2420 omnibns
1414 2339 1594 2429 clavibus,
1625 2343 1819 2445 inquibus
1836 2340 1883 2444 fu
1906 2344 2005 2425 loca·

277 2449 551 2557 Hieronymum
580 2453 691 2534 dicit:
729 2451 860 2533 mulsea
891 2451 941 2531 est
974 2451 1119 2532 scientia
1158 2449 1242 2530 liter
1267 2454 1442 2555 ponitur,
1473 2453 1592 2553 potest
1617 2457 1708 2556 poni
1730 2446 1760 2554 i
1781 2455 1914 2534 durum
1940 2479 2007 2536 co·

277 2561 423 2656 sensus,
452 2566 614 2645 sensusve
640 2567 732 2645 bene
750 2563 967 2672 modulandi
995 2563 1040 2642 ad
1057 2561 1119 2641 ad·
1160 2577 1273 2664 gente
1288 2579 1386 2643 tono
1403 2562 1662 2645 &necesitate
1692 2563 1791 2646 Cum
1801 2571 1915 2668 igitur
1925 2592 2006 2646 mo-

278 2679 525 2756 monitionem
542 2681 594 2756 rei
609 2702 749 2779 magne
768 2679 876 2757 etiam
903 2675 1117 2754 mortalibus
1162 2674 1393 2756 delationum
1412 2678 1643 2777 coaptatione
1663 2689 1745 2756 tota
1766 2683 1885 2757 anima
1908 2679 2008 2758 dele·'

278 2788 470 2874 rationales
490 2787 706 2870 habentibus
724 2790 860 2869 animas
868 2787 942 2868 Dei
955 2786 1119 2888 largitate
1161 2786 1305 2874 tletnr,
1334 2789 1420 2871 itae
1436 2790 1624 2866 contrario
1650 2789 1881 2869 obaudiendi
1899 2790 2006 2872 volu·

255 2898 453 2982 coneelb.
483 2899 570 2982 Hoc
583 2897 760 3002 Virgilius
785 2905 824 2980 in
839 2898 969 2980 Bucol.
993 2913 1120 3008 tunge-
1160 2894 1260 3001 prate
1288 2897 1322 2976 se
1347 2898 1545 2988 subtrahit,
1586 2896 1612 2976 li
1643 2899 1732 3002 quid
1766 2901 2003 3004 depravatum

278 3036 318 3119 re
335 3014 503 3103 videtur,
536 3016 597 3094 ubi
613 3009 720 3093 dicit:
752 3012 1117 3114 clooeprincipr‘um,
1161 3012 1200 3088 in
1219 3034 1260 3088 ea
1277 3007 1431 3090 senserit.
1448 3008 1636 3111 -liegalatu
1648 3009 1802 3111 finaplex
1826 3015 1883 3095 vel
1892 3014 2005 3114 planu

278 3122 517 3223 Mufae'loois
534 3128 655 3203 mnnita
671 3124 784 3225 plenu
1161 3124 1231 3211 etl,
1262 3125 1365 3203 cuius
1392 3120 1535 3226 ligura.
1555 3146 1624 3203 nec
1663 3141 1904 3226 augmentum
1936 3151 2006 3208 nec

293 3247 295 3249 ’
332 3235 473 3339 Musica
488 3238 538 3317 est
554 3238 702 3341 duplex,
720 3236 887 3318 naturalis
903 3232 1119 3315 &artificia-
1161 3234 1444 3316 decrementum·
1453 3237 1661 3338 patiuntur,
1692 3253 1734 3317 ut
1761 3236 1802 3317 fit
1827 3242 1866 3316 in
1895 3256 2005 3321 cantu

274 3335 331 3428 lis.
375 3348 559 3430 Naturalis
589 3350 640 3428 est
674 3349 921 3429 mundana&
947 3346 1114 3427 humana.
1161 3345 1421 3447 Gregoriano:
1437 3345 1646 3448 mensuralis
1658 3348 1718 3428 vel
1720 3348 1927 3449 figurativa
1940 3350 2003 3440 est,

274 3456 466 3543 Mundam
477 3462 528 3541 est
539 3460 846 3563 supercoelestium
857 3482 1058 3564 corporum
1070 3480 1118 3537 ex
1159 3460 1263 3549 cuius
1283 3455 1409 3559 figure
1424 3462 1549 3561 augeri
1572 3458 1629 3539 uel
1648 3462 1765 3542 minui
1799 3460 1947 3565 possunt
1965 3465 2005 3542 in

276 3584 385 3654 motu
416 3573 631 3676 spbaetarum
660 3573 882 3663 resonantia,
909 3574 972 3653 ubi
988 3572 1118 3649 imam·
1160 3567 1271 3671 ignis
1294 3572 1395 3650 iuxta
1426 3571 1585 3653 formam
1610 3570 1842 3676 salpensem,
1874 3576 1912 3652 dr
1930 3573 2005 3655 hoc

276 3708 337 3764 ma
359 3684 521 3791 creditur
535 3685 616 3769 lore
641 3685 840 3766 concordia
856 3707 867 3763 t
884 3682 937 3765 'dt
966 3681 1040 3762 hoc
1055 3706 1120 3785 ge·
1161 3684 1200 3761 iu
1220 3683 1348 3786 primis
1371 3682 1512 3762 musicae
1533 3684 1718 3786 gradibus,
1740 3686 1907 3765 uidelicet
1924 3710 2006 3765 mo

274 3810 346 3877 nus
382 3795 610 3877 considerant
636 3798 888 3877 mathematici.
947 3792 1120 3873 Humana
1160 3795 1224 3885 do,
1243 3808 1413 3897 tempore
1430 3794 1469 3873 aa
1494 3794 1714 3895 prolatione.
1761 3794 1911 3877 Poffunt
1943 3822 2006 3879 an·

275 3908 390 3989 exstat
407 3911 444 3989 in
461 3933 619 4013 corpore
636 3912 674 3987 de
689 3912 832 3999 anima,
870 3904 1119 4010 spiritibus&
1160 3921 1235 3987 tem
1253 3907 1381 3995 ambae,
1405 3904 1556 4010 simplex
1569 3908 1608 3986 dt
1621 3907 1844 4001 mensuralis,
1862 3906 1931 3990 elle
1944 3934 2005 3990 ve·

275 4020 530 4103 membrorum
553 4020 834 4123 complexione,
863 4014 948 4100 nam
972 4018 1119 4099 barmo-
1160 4042 1200 4100 ra
1221 4031 1285 4099 aut
1306 4014 1396 4098 fieta

274 4134 335 4213 nia
353 4132 508 4216 durante
526 4133 773 4221 vitithomo,
804 4144 1019 4235 raptavere
1041 4132 1118 4210 eius
1167 4190 1169 4195 »
1472 4127 1615 4212 Caena
1643 4128 1691 4213 ll.
1743 4147 1760 4154 ··

276 4248 526 4350 proportione
547 4248 714 4325 moritur.
747 4241 792 4323 iit
807 4243 881 4323 hoc
892 4266 1010 4345 genus
1027 4265 1119 4323 cou-
1214 4239 1306 4325 Haec
1322 4264 1394 4323 nna
1423 4240 1471 4323 de
1484 4243 1620 4348 septem
1642 4244 1779 4326 artibus
1796 4243 2003 4327 liberalibus

274 4358 430 4439 siderant
451 4355 589 4461 physici
605 4414 616 4447 ,
640 4356 687 4436 de
710 4357 842 4460 quibus
859 4353 949 4435 nihil
963 4353 1008 4435 ad
1027 4377 1118 4458 prae·
1159 4357 1255 4435 inter
1273 4370 1416 4439 caeteras
1435 4379 1514 4434 uon
1531 4359 1718 4438 minimam
1740 4358 1850 4438 refert
1870 4358 2005 4439 utilita-

275 4470 366 4553 sena.
1160 4482 1251 4559 tem,
1270 4468 1358 4547 telle
1367 4466 1558 4549 Aristotele
1574 4472 1614 4547 iu
1635 4470 1705 4549 luis
1718 4470 2005 4571 problematibus

277 4656 280 4663 ,
333 4576 562 4679 Ανιῂἳιίαἰὶςε
591 4578 670 4659 hoc
692 4604 809 4681 genus
825 4592 952 4661 tenent
982 4576 1116 4660 musici.
1160 4580 1200 4660 P.
1220 4603 1280 4672 19·
1291 4579 1520 4680 problemate
1539 4604 1599 4659 ιο.
1623 4583 1687 4662 ubi
1701 4579 1748 4660 lic
1761 4584 1897 4685 inquit:
1927 4606 2006 4659 mu-

275 4692 337 4775 Est
365 4692 422 4771 rel
438 4692 718 4775 instrumentalis
737 4692 793 4770 uel
818 4694 961 4772 vocalis.
984 4688 1120 4783 Instru-
1150 4690 1226 4789 fica
1259 4688 1410 4789 mistam
1443 4689 1578 4785 tristes,
1619 4690 1780 4790 latosque
1814 4696 1931 4791 magis
1963 4715 2005 4773 aa

275 4802 508 4886 mentalisell
528 4802 638 4883 sonus
659 4827 723 4903 per
739 4804 873 4883 diuersa
902 4804 1117 4884 iustrumen·
1158 4806 1276 4903 magis
1305 4800 1422 4881 laturi
1456 4806 1562 4901 cogit.
1606 4799 1653 4883 Et
1694 4805 1791 4883 idem
1831 4816 1866 4893 8.
1893 4802 2000 4886 Polit.

276 4912 497 5007 maculatus,
515 4916 580 5020 qui
599 4939 683 4997 cum
705 4912 747 4995 stt
762 4915 924 5008 uocalis,
943 4930 1064 4997 tamen
1081 4940 1118 4997 e·
1159 4916 1417 5107 Animpfait,
1446 4914 1665 4998 amurcliter
1693 4918 1733 4996 in
1760 4914 1888 5009 mama
1916 4914 2006 4994 dese-

1019 5068 1024 5075 ·
1266 5038 1396 5121 -·t3
1877 5030 1951 5108 tio·

2017 5336 2026 5349 ‘
2106 5387 2252 5687 r
