4750 6025
411 545 495 690 96
541 501 547 511 ¹
838 571 842 580 ·
890 557 1256 654 sunnonem
1297 561 1380 646 nn
1421 565 1625 651 mnne

466 741 538 829 Sed
564 745 685 850 potest
712 737 842 852 eliquit
868 741 1010 836 dicere,
1041 767 1153 850 quare
1179 746 1254 848 pri·
1293 745 1367 847 ipse
1400 729 1537 829 musco
1561 747 1613 827 est
1644 742 1690 828 de
1714 747 1836 842 notin
1866 747 1905 831 de
1931 747 2013 855 ipse
2038 740 2137 835 οδω

409 882 470 940 me
495 859 629 964 species
664 857 879 938 dateffnron
913 880 992 937 non
1025 859 1200 961 incipitur
1232 879 1255 937 n
1294 857 1378 940 sunt
1408 859 1455 938 de
1484 861 1644 940 numeris
1655 880 1671 951 ,·
1698 859 1748 940 ile
1780 865 1848 941 erit
1879 885 1973 963 ergo
1998 861 2045 941 de
2075 886 2139 958 ore

409 973 528 1078 prime
568 979 677 1062 note,
710 981 799 1073 'que
831 969 882 1049 est
906 979 967 1061 ro,
995 992 1082 1049 cum
1110 967 1263 1050 dislnm'
1295 967 1382 1049 dine
1398 970 1555 1073 ipserum
1581 982 1777 1065 notorum,
1807 969 1896 1065 licut
1923 972 1976 1054 esi
2000 970 2047 1052 de
2066 995 2138 1055 nn·

409 1081 454 1164 lit
475 1084 656 1188 superine,
677 1081 781 1186 qnod
805 1091 847 1159 ut
865 1080 916 1162 esi
935 1081 1156 1184 principium
1174 1102 1257 1159 om·
1297 1083 1431 1175 merim·
1468 1081 1600 1162 sedin
1630 1085 1792 1175 numeris
1830 1085 1880 1166 lte
1920 1083 1993 1178 est,
2031 1081 2138 1189 qnod

411 1199 515 1278 nium
550 1217 685 1276 vocum
714 1195 964 1289 internorum
995 1194 1033 1272 dr
1060 1189 1110 1294 lic
1140 1189 1258 1274 subse-
1296 1215 1393 1273 unm
1418 1208 1587 1275 numerat
1615 1192 1654 1273 dt
1678 1193 1773 1275 dune
1798 1195 1837 1274 dc
1861 1208 1956 1286 trec.
1984 1189 2039 1294 (a)
2072 1216 2139 1299 per

411 1323 568 1413 quenter
604 1306 759 1386 secunda
793 1307 833 1384 in
868 1303 1044 1394 secunda,
1076 1304 1115 1384 dr
1151 1306 1258 1386 tertie
1297 1323 1393 1408 quor
1416 1305 1456 1386 dt
1482 1303 1735 1408 subsequentes
1759 1308 1879 1388 caeteri
1899 1309 2046 1394 numeri
2068 1329 2140 1386 nn·

409 1421 451 1500 in
489 1418 623 1500 tertio?
652 1418 709 1499 Ad
739 1417 814 1497 hoc
847 1420 946 1496 enim
978 1413 1171 1519 dupliciter
1200 1439 1259 1495 rr·
1297 1427 1505 1507 merantur,
1539 1417 1719 1498 &temen
1741 1442 1838 1501 nnuc
1855 1441 2031 1502 numerus
2059 1441 2141 1500 non

410 1531 658 1635 spondemus,
690 1531 729 1608 dc
762 1531 884 1632 primo
913 1525 983 1607 fic:
1013 1525 1118 1608 Licet
1145 1536 1188 1604 ut
1214 1523 1259 1610 lit
1297 1526 1359 1608 est
1407 1525 1533 1635 ltaque
1557 1523 1585 1606 li
1607 1530 1699 1630 quid
1720 1529 1893 1612 columne
1919 1531 2141 1614 constituere

411 1643 528 1747 prima
549 1665 624 1723 vox
648 1640 709 1722 seu
732 1655 840 1732 notu,
862 1641 901 1720 dc
923 1641 1146 1744 principium
1172 1659 1258 1720 om·
1298 1638 1339 1718 in
1379 1641 1503 1742 primo
1544 1663 1726 1732 numero.
1761 1641 1879 1745 ipsum
1920 1644 1960 1724 in
1997 1642 2146 1723 binario·

412 1759 517 1836 nium
542 1777 677 1834 vocum
700 1751 772 1833 five
791 1765 995 1845 notarum,
1009 1763 1188 1859 quantum
1211 1749 1258 1830 ad
1298 1747 1574 1841 constituimus,
1604 1755 1668 1854 qni
1700 1755 1843 1857 primur
1874 1775 2051 1855 numenne
2087 1752 2143 1832 di·

412 1867 582 1946 ordinem
621 1867 915 1969 proprietatum.
945 1865 1031 1970 quin
1057 1861 1257 1953 veriuntur,
1298 1864 1413 1952 citur,
1443 1861 1529 1942 licet
1555 1885 1633 1942 non
1667 1861 1774 1966 poffit
1805 1867 1953 1970 concipi
1983 1865 2141 1946 binario·

413 1999 501 2058 cum
536 1979 693 2056 variatur
732 1975 872 2078 ipsum,
902 1989 945 2056 ut
981 1975 1086 2080 supro
1120 1973 1257 2057 didum
1299 1974 1437 2078 absque
1466 1977 1717 2080 conceptione
1750 1979 1882 2074 onim,
1910 1979 1976 2081 qui
2010 1999 2142 2058 nume·

412 2089 484 2186 est3
508 2103 630 2170 tamen
656 2102 835 2190 quantum
861 2087 906 2166 od
925 2085 1142 2168 essentialem
1159 2085 1259 2165 ordi·
1300 2105 1362 2164 run
1392 2085 1556 2165 nonest
1601 2084 1674 2168 Sic.
1691 2083 1853 2168 similiter
1880 2089 1932 2168 eli
1957 2086 2003 2168 de
2026 2085 2138 2177 notu,

412 2224 501 2283 nem
525 2223 675 2289 manus,
704 2200 744 2278 in
777 2222 847 2302 quo
874 2198 1054 2303 &aque
1078 2197 1258 2276 docemur
1300 2198 1385 2305 quia
1407 2207 1447 2273 ut
1479 2197 1530 2278 est
1558 2219 1633 2276 uox
1660 2195 1732 2278 lire
1765 2214 1866 2290 notu
1889 2202 2029 2304 pontt,
2059 2221 2141 2303 quo

411 2335 565 2411 omnem
594 2327 743 2391 centurn
778 2323 923 2390 contere
933 2333 946 2406 3
974 2308 1047 2413 ipsa
1076 2331 1155 2388 vox
1186 2305 1259 2386 live
1300 2309 1462 2388 occurrit
1487 2308 1526 2386 in
1553 2322 1692 2400 eoum.
1717 2310 1760 2392 &·
1789 2310 1897 2392 sonno
1919 2309 1989 2399 eli.
2020 2311 2059 2397 dt
2088 2325 2142 2392 tu·

411 2438 504 2505 noto
533 2433 681 2501 utnon
710 2423 760 2502 eli
789 2423 927 2524 prima.
958 2417 1138 2524 quodlic
1167 2440 1259 2522 pto·
1300 2441 1386 2499 men
1413 2418 1550 2501 nullum
1575 2419 1773 2502 melodiam
1794 2420 1897 2502 'facit
1942 2421 2010 2504 illa
2033 2445 2140 2526 ergo.

410 2537 550 2617 baum.
595 2531 749 2614 Planum
777 2531 846 2622 eli,
876 2533 981 2634 quod
1013 2531 1149 2634 septem
1174 2529 1260 2612 sunt
1301 2552 1382 2635 quae
1419 2534 1629 2634 proximior
1653 2530 1731 2622 >sibi
1763 2533 1849 2634 pell,
1893 2533 1946 2614 est
1983 2555 2070 2627 rt„
2094 2533 2143 2616 ed

411 2646 542 2728 litterae
576 2668 725 2747 gravem
755 2643 891 2746 septem
928 2655 1060 2733 acute,
1092 2643 1131 2720 dc
1170 2663 1260 2745 qna·
1300 2662 1412 2744 quem
1433 2640 1520 2722 fecit
1543 2643 1665 2745 primo
1689 2655 1855 2740 motum;
1882 2662 2037 2750 propter
2058 2664 2146 2727 mo·

411 2770 505 2840 tuor
531 2757 768 2860 superacutae,
799 2767 841 2836 ut
864 2755 955 2834 infre
986 2755 1143 2860 patebit3
1170 2752 1261 2856 iph-
1301 2764 1381 2831 tum
1407 2755 1505 2834 enim
1531 2753 1683 2833 hebetur
1713 2771 1876 2848 mutue„
1893 2753 2033 2842 &line
2059 2779 2142 2840 mo·

412 2893 499 2951 rum
529 2881 652 2950 eutem
684 2868 852 2969 grauium
889 2868 1008 2970 prime
1043 2865 1176 2946 dicitur
1214 2861 1257 2944 A.
1301 2875 1342 2943 tu
1368 2877 1497 2946 cantur
1519 2888 1597 2947 non
1626 2866 1699 2962 est3
1728 2889 1813 2948 nem
1840 2864 2022 2950 somnes
2043 2883 2142 2950 notae

404 2981 497 3087 'qnae
524 2979 724 3085 secundum
758 3001 888 3059 omnes
924 2975 1091 3082 physicos
1124 2977 1163 3057 dc
1195 2997 1260 3055 an·
1299 2970 1412 3055 essent
1439 2977 1479 3055 io
1513 3001 1585 3059 una
1610 2975 1703 3058 lineo
1735 2977 1793 3059 vel
1825 2981 1975 3063 inuno
2008 2978 2138 3085 spatio,

403 3087 534 3175 diores
552 3094 590 3172 dt
608 3087 750 3173 mulicae
775 3090 1169 3195 proslambanomenon
1194 3110 1259 3169 vo-
1299 3110 1382 3165 non
1422 3089 1659 3190 consurgeret
1698 3106 1843 3171 cantare
1862 3098 1874 3182 μ
1914 3091 1975 3172 sed
2014 3096 2140 3195 potine

412 3208 537 3295 cetur,
563 3202 639 3285 hoc
657 3202 726 3293 est.
755 3200 899 3303 signum
926 3205 1087 3304 primum
1108 3198 1180 3280 live
1199 3196 1260 3279 lit-
1298 3197 1449 3280 ulnlere.
1503 3200 1568 3282 Ob
1599 3200 1673 3280 hoc
1700 3202 1795 3283 bene
1826 3200 1974 3288 Gnido:
2005 3202 2139 3287 mullet

413 3318 655 3420 temptione,
686 3337 767 3417 quae
797 3318 837 3393 in
869 3310 1001 3394 rnufim
1023 3323 1257 3414 apponerem
1298 3310 1350 3389 est
1382 3324 1508 3391 motus
1543 3335 1676 3391 uocum
1705 3336 1772 3414 per
1794 3310 1899 3394 atum
1926 3317 1966 3394 dc
1995 3314 2138 3409 theson

415 3430 455 3509 dt
472 3428 547 3507 hoo
566 3426 611 3506 ad
631 3425 771 3506 sensnm
795 3438 915 3527 patet:
935 3426 1101 3527 namqui
1123 3445 1259 3501 mono-
1298 3420 1337 3499 id
1362 3423 1430 3513 est,
1450 3446 1515 3524 per
1538 3424 1838 3530 elevationem&
1860 3424 2137 3530 depofitionenu

413 3539 598 3621 chordum
637 3538 856 3617 constituere
887 3534 1036 3639 nolunt,
1065 3530 1108 3613 in
1141 3538 1258 3636 prima
1299 3529 1417 3632 Igitur
1449 3532 1509 3614 illo
1545 3534 1687 3615 dicetur
1722 3538 1840 3639 primo
1872 3560 1968 3630 vox,
1998 3541 2040 3619 in
2066 3562 2140 3643 qno

414 3653 611 3731 novenaria
643 3646 818 3728 diuisione
850 3644 958 3750 ipsum
990 3647 1130 3749 semper
1161 3644 1257 3724 litte-
1298 3648 1420 3746 prirno
1455 3644 1673 3749 intelligitur
1701 3661 1851 3737 cantur.
1880 3648 1970 3731 scut
2002 3648 2061 3731 ille
2084 3651 2141 3732 di·

413 3787 492 3842 ram
519 3763 551 3842 A
577 3759 808 3854 describunt3
839 3758 904 3839 sub
929 3758 1002 3860 ipsa
1031 3778 1191 3860 namque
1214 3755 1256 3836 A.
1298 3759 1393 3835 citur
1422 3761 1562 3859 primus
1590 3776 1788 3848 *numerum
1817 3764 1881 3862 qui
1910 3764 2065 3864 ponitur
2099 3766 2138 3843 in

414 3875 467 3953 est
500 3896 572 3955 una
608 3894 706 3961 vox,
736 3892 818 3973 quae
846 3869 978 3950 dicitur
1007 3891 1072 3961 τις
1102 3867 1173 3969 ipsa
1201 3891 1258 3946 er·
1300 3869 1450 3949 binario.
1499 3866 1555 3950 lix
1592 3870 1769 3974 praedlttie
1804 3887 1927 3973 patet,
1958 3873 2061 3977 quod
2097 3883 2139 3955 rr

412 4007 468 4087 go
493 3986 563 4064 erit
587 3985 704 4086 prima
722 4004 824 4072 uox.
854 4000 934 4085 quae
964 3978 1028 4060 sub
1060 3982 1175 4085 prima
1198 3977 1258 4057 lit·
1296 3974 1340 4056 fit
1366 3981 1483 4085 prime
1511 3992 1602 4063 note
1631 3978 1702 4060 sive
1727 4004 1823 4072 vox,
1853 4006 1934 4089 que
1964 3986 2003 4064 in
2028 4001 2138 4069 centn

413 4108 491 4177 tere
510 4094 731 4199 includitur,
763 4089 978 4204 &secundo
1005 4114 1086 4196 quae
1112 4088 1176 4170 sub
1207 4088 1259 4170 le·
1298 4105 1488 4194 ponetur,
1520 4092 1559 4171 dc
1597 4094 1681 4196 quie
1709 4096 1851 4197 prima,
1880 4093 1966 4176 ideo
2002 4097 2138 4178 merito

412 4204 535 4289 cundo
578 4206 648 4285 dcc.
691 4204 846 4285 dicimus
883 4206 1009 4294 enim,
1048 4204 1186 4306 primus
1218 4202 1256 4281 dt
1298 4205 1421 4282 omnis
1446 4203 1579 4305 species
1612 4207 1727 4308 primu
1752 4204 1963 4287 diatesseron
1989 4210 2137 4313 diapen-

413 4315 593 4400 secundus
624 4330 736 4397 tonus
766 4312 889 4395 finitor
923 4316 977 4411 in,
993 4334 1085 4394 voce
1117 4328 1256 4418 quarte,
1298 4326 1336 4392 te
1366 4316 1405 4393 dr
1432 4314 1602 4417 diapason
1624 4318 1662 4393 in
1692 4315 1764 4419 ipsa
1785 4321 1889 4418 «poni
1915 4319 2065 4410 dicitur.
2097 4321 2137 4401 dr

413 4452 496 4535 que
522 4428 573 4509 cli
599 4424 649 4509 D.
680 4449 809 4529 grave,
837 4448 920 4530 quae
950 4440 1076 4530 quarta
1105 4448 1183 4505 non
1204 4425 1258 4504 di·
1299 4425 1453 4507 secunda
1474 4425 1540 4506 sub
1560 4426 1735 4519 secunda,
1754 4452 1834 4531 quae
1854 4431 1948 4542 ellit
1975 4432 2014 4510 dr
2034 4436 2140 4514 tertio

412 4554 578 4641 ceretur,
608 4536 700 4619 fit.
722 4539 848 4642 prima
877 4562 957 4617 non
987 4535 1082 4618 esset
1132 4536 1259 4633 Quare
1299 4535 1364 4616 sub
1401 4540 1525 4627 tertia,
1563 4538 1603 4632 dr
1637 4536 1685 4617 lic
1722 4540 1914 4644 deincepe3
1943 4545 2027 4646 quie
2064 4543 2139 4645 ipse

413 4666 537 4757 patet.
567 4652 669 4754 quod
692 4660 732 4728 ut
759 4673 835 4730 non
857 4647 897 4732 stt
923 4650 1039 4753 primu
1068 4671 1164 4739 vox,
1198 4646 1256 4728 sed
1298 4662 1386 4728 noto
1410 4670 1472 4741 re,
1502 4662 1545 4730 ut
1573 4650 1802 4753 predicitur.
1831 4653 1882 4733 esi
1913 4654 2137 4759 principium

412 4786 466 4847 rr.
508 4762 675 4847 Secunda
698 4764 791 4845 ratio
814 4763 886 4860 esl3
906 4773 1048 4844 certum
1064 4762 1133 4851 eii,
1154 4760 1258 4867 quod
1297 4757 1420 4841 omnio
1443 4756 1590 4843 centon

497 5106 544 5191 (ι)
576 5109 645 5178 Vct.
667 5116 789 5169 nument
807 5107 873 5168 duee
889 5106 924 5168 ed
942 5088 1006 5169 nee·
