4750 6025
348 548 472 677 354
870 627 873 634 ,
924 537 1130 630 runnu
1175 541 1257 629 on
1295 538 1534 634 annon.

345 724 588 840 inpraesenti,
608 723 704 809 aliud
723 726 760 805 in
780 713 909 810 hrtuto
926 723 1048 805 obesse
1059 724 1190 833 potest.
1236 723 1400 810 &oritate
1418 725 1535 809 fretos
1549 720 1596 808 eo
1611 714 1782 810 undatius
1802 718 2084 834 procederetu-

348 844 624 952 Opottet'ergo
640 837 988 944 irreprehensibilem
1005 835 1194 920 effecum·
1232 835 1326 932 sim,
1355 863 1399 924 ac
1419 840 1649 947 placentibua
1669 832 1824 946 placere

346 971 573 1066 ponentem,
605 956 779 1058 quoniam
806 955 945 1033 ceteris
966 952 1114 1060 praest,
1146 977 1195 1034 ne
1521 1002 1663 1088 emm
1688 1001 1797 1089 xm

184 1101 187 1109 ·
345 1072 487 1186 aliquid
506 1069 642 1166 tuat,
671 1065 774 1179 quod
799 1067 838 1158 ln
866 1069 1052 1182 posterum
1074 1063 1194 1151 &ciffi
1239 1173 1243 1179 ·
1291 1115 1428 1202 Tenue
1453 1117 1504 1200 est
1528 1117 1697 1198 discretio
1713 1118 1772 1198 vel
1792 1116 1965 1220 cognitio
1985 1118 2086 1222 prin·

348 1199 538 1304 paneae
697 1217 700 1223 ’
1237 1229 1484 1335 capanna
1511 1229 1943 1320 transmutarentur
1966 1232 2088 1312 cuan-

405 1358 616 1444 Postremo,
640 1347 912 1458 ficompouam
935 1343 1198 1449 proportioni·
1237 1345 1327 1424 libet
1353 1342 1519 1429 melodiae
1548 1344 1724 1451 regularia
1735 1367 1749 1442 3
1775 1343 1837 1423 ael
1863 1341 1942 1446 sic:
1972 1352 2087 1424 tonna

349 1475 420 1556 bue
445 1473 501 1554 uti
530 1467 641 1554 velit,
676 1473 796 1542 utatur
826 1455 1080 1546 musicalibus,
1112 1459 1197 1560 quia
1239 1453 1290 1540 est
1313 1454 1440 1562 regrela
1459 1455 1601 1541 docent
1616 1455 1735 1538 linem
1754 1453 1955 1559 perfetlum
1979 1478 2088 1557 regu·

350 1601 510 1673 comta,
541 1580 665 1685 paucis
696 1574 856 1662 demtis,
886 1568 1105 1677 symphonia
1138 1594 1198 1650 ca·
1238 1570 1368 1652 larium
1398 1569 1710 1676 symphoniarum
1778 1567 1934 1651 Tenum
1964 1581 2086 1650 autem

171 1715 176 1732 ·
352 1711 443 1780 rent.
473 1693 625 1776 Student
639 1693 762 1793 itaque
777 1695 951 1767 enecante
967 1683 1131 1774 sundere,
1148 1705 1198 1764 ne
1229 1705 1323 1772 ‚non
1360 1681 1583 1772 modelena.
1623 1681 1662 1761 id
1691 1681 1766 1772 est.
1796 1685 1838 1764 in
1875 1681 1997 1765 modia
2026 1706 2089 1764 ca·

349 1811 501 1895 alteram
516 1827 588 1909 pto
602 1801 836 1890 alteralocet.
855 1799 940 1901 quia
954 1795 1050 1878 aliud
1066 1798 1195 1884 creon,
1238 1805 1341 1906 ptam
1386 1796 1665 1878 consonantiam
1700 1794 1933 1902 symphoniae
1979 1805 2087 1900 puto,

350 1923 448 2004 aliud
470 1920 642 2000 dedecori
659 1917 719 1996 est.
747 1911 898 1993 Deinde
911 1907 1115 2013 figurarum
1132 1931 1198 2010 ge·
1238 1909 1301 1992 sed
1322 1907 1556 1990 melodialem
1585 1920 1649 1990 aut
1670 1908 1871 1988 formalem
1900 1920 1997 2013 puto
2012 1921 2089 1990 -m-

352 2058 460 2125 nera,
487 2057 571 2111 uam
594 2027 808 2128 multiplicia
823 2025 926 2114 suut,
944 2023 1115 2122 indagare
1132 2024 1200 2100 mi·
1241 2047 1345 2103 num.
1381 2019 1508 2125 Aliqui
1527 2027 1650 2103 autem
1673 2026 1787 2104 tonos
1802 2028 1936 2126 tropos
1958 2044 2089 2102 acon-

351 2149 453 2229 nime
481 2141 637 2232 defluat.
669 2143 754 2244 quia
786 2147 959 2217 ornatum
995 2147 1123 2215 tenent
1159 2137 1198 2214 dc
1241 2133 1402 2217 venienti
1420 2133 1661 2217 conversione
1686 2135 1837 2231 dicunt3
1875 2135 1987 2238 aliqui
2007 2158 2089 2215 mo-

350 2260 597 2350 subtilitatem.
627 2253 665 2333 Si
680 2274 770 2331 vero
792 2271 1023 2353 componens
1048 2250 1199 2326 canoni·
1241 2247 1311 2330 doa
1326 2272 1347 2329 a
1363 2247 1616 2340 moderando,
1646 2245 1766 2330 Graeci
1786 2257 1909 2329 autem
1925 2247 2091 2350 phthon-

350 2377 403 2454 cia
440 2372 581 2452 laborat
612 2363 831 2452 cantilenis,
862 2361 943 2466 plus
974 2357 1197 2441 intellectum
1240 2383 1335 2464 goa,
1361 2385 1432 2442 noa
1452 2375 1563 2443 tonos
1582 2383 1784 2452 vooamua,
1815 2361 1902 2443 licet
1921 2359 2091 2442 Gnidoni

352 2508 463 2590 quam
485 2481 744 2564 obscuritatem
764 2490 922 2580 querat,
948 2497 1041 2554 nere
1059 2471 1200 2554 subtili·
1240 2477 1493 2577 incongruum
1518 2473 1703 2566 uideatur.
1727 2475 1803 2558 hoc
1816 2482 1941 2556 autem
1957 2471 2090 2554 lohan-

352 2601 435 2678 tatis
449 2594 580 2700 grandi
599 2591 751 2692 ingenio
766 2601 867 2693 putta
880 2602 1026 2668 cantate
1039 2583 1198 2684 desmat3
1240 2612 1306 2667 nea
1343 2587 1469 2691 pulcre
1498 2587 1655 2673 exeunt
1706 2585 1769 2687 (ab
1830 2583 1935 2668 Olim
1966 2602 2088 2670 tamen

353 2711 406 2791 nil
429 2712 528 2790 enim
555 2705 698 2793 differt,
729 2700 897 2783 licanon
924 2702 1095 2778 metdcua
1123 2691 1199 2778 five
1240 2703 1381 2803 antiqui
1413 2699 1563 2791 mustei,
1594 2725 1680 2783 cum
1712 2715 1846 2784 tonum
1881 2699 2088 2782 mustelam

352 2821 537 2928 prosaicus
563 2817 627 2906 ht,
658 2817 743 2920 quia
769 2813 895 2916 regula
917 2813 993 2906 est3'
1026 2810 1131 2892 multi
1161 2835 1200 2891 e·
1238 2814 1503 2894 tantummodo
1536 2811 1815 2898 consonantiam
1852 2811 2086 2920 appellarent,

352 2937 433 3016 nim
449 2933 540 3015 dum
556 2929 811 3013 obscuritatem
833 2933 975 3015 amant,
996 2925 1120 3028 peritis
1136 2923 1200 3005 de·
1241 2927 1472 3030 grammatici
1501 2930 1679 3010 orationia
1698 2940 1883 3009 accentus
1914 2927 2088 3033 usurpato

352 3046 437 3131 risui
456 3045 556 3135 sunt.
588 3046 674 3149 quia
688 3064 770 3121 rara
788 3038 983 3119 obscuritas
1000 3036 1077 3117 fine
1095 3062 1200 3120 erto-
1241 3038 1423 3120 vocabulo
1437 3040 1546 3118 etiam
1560 3052 1675 3122 torroa
1688 3042 1868 3145 appellate
1880 3052 2088 3144 coeperunt

353 3184 410 3240 tn·
435 3158 508 3239 Sed
522 3158 564 3235 dt
586 3180 660 3257 ego
676 3154 749 3257 ipse
768 3154 836 3231 hac
851 3151 933 3233 usus
950 3147 1052 3240 sum.
1082 3160 1199 3235 utve·
1238 3147 1288 3234 Et
1316 3152 1400 3256 quia
1424 3155 1520 3230 inter
1535 3164 1707 3235 autentus
1729 3154 1900 3256 prosaica
1929 3154 2092 3235 locutio-

353 3295 437 3351 rum
457 3270 614 3371 loquat,
646 3267 724 3368 plus
744 3267 990 3371 ignorantiam
1008 3288 1125 3343 meam
1144 3265 1200 3343 in·
1238 3267 1298 3347 nia
1319 3266 1359 3343 dn
1369 3263 1545 3372 psallendi
1564 3267 1699 3345 modos
1720 3292 1799 3347 non
1820 3292 1972 3370 parvam
1993 3264 2090 3346 srmi·

353 3385 501 3471 dicana,
532 3402 641 3487 quam
664 3381 749 3459 artis
769 3377 858 3480 quid
878 3373 1104 3470 insomnem
1132 3379 1200 3455 mi-
1240 3376 1435 3460 litudinem
1456 3376 1526 3457 eise
1549 3380 1720 3467 conibt,
1751 3382 1923 3487 generale
1940 3394 2089 3460 'nomen

354 3496 492 3575 letrinri
512 3491 635 3573 tamen
651 3490 790 3598 ingenii
803 3480 873 3568 eise
883 3488 1112 3591 predicatur.
1135 3492 1200 3593 qui
1241 3490 1319 3571 hoc
1338 3488 1407 3570 csse
1428 3492 1593 3595 utrinque
1613 3490 1860 3591 sanxerimne3
1882 3492 1975 3575 scut
1990 3496 2090 3573 enim
2121 3580 2126 3587 ,

352 3612 469 3691 utitur
488 3601 663 3694 inventis,
688 3604 818 3683 &non
834 3600 1069 3681 inveniendis.
1106 3602 1200 3703 Agat
1237 3606 1323 3683 toni
1340 3614 1509 3685 accentus
1531 3605 1733 3709 tripartitur
1757 3604 1826 3697 eil.
1854 3604 1988 3688 scillcet
2007 3630 2091 3709 gra-

354 3744 449 3822 ergo
471 3721 643 3824 quiaque,
666 3730 844 3820 quantum
865 3716 979 3817 digne
1000 3716 1142 3817 potest3
1173 3713 1200 3794 sr
1241 3717 1315 3810 via,
1346 3725 1476 3797 acutas
1501 3718 1539 3797 dt
1564 3718 1840 3810 circumflexus,
1871 3716 1919 3801 sc
1942 3722 1981 3800 dt
2002 3723 2093 3824 prm

354 3836 456 3913 eninr
471 3829 565 3912 hene
583 3832 720 3930 egeria,
743 3828 816 3931 ipse
833 3840 902 3907 tuae
922 3824 1084 3929 personae
1099 3828 1200 3913 dabla
1240 3828 1310 3917 sa,
1339 3829 1400 3909 sed
1422 3830 1549 3933 pausae
1575 3830 1732 3931 prosaica
1758 3832 1898 3925 colon,
1929 3858 2090 3925 comma,

354 3946 630 4032 authoritatem,
661 3941 750 4019 dicit
771 3939 951 4019 Socrates.
999 3938 1090 4019 Haec
1109 3937 1200 4020 salva
1242 3944 1463 4045 periodum.
1495 3942 1533 4024 id
1571 3942 1644 4032 est,
1676 3948 1919 4037 membrum,
1950 3946 2090 4037 inciso.

353 4081 443 4161 pace
459 4058 580 4136 dicere
601 4054 720 4143 volui,
748 4046 984 4155 aequalibus
1006 4076 1127 4156 neque
1148 4066 1200 4131 te·
1241 4052 1428 4146 claulhra,
1458 4080 1545 4137 naor
1578 4058 1749 4139 omnium
1775 4082 1901 4140 rerum
1931 4058 2014 4140 linia
2040 4061 2093 4143 tlt

355 4168 457 4259 siue,
477 4167 661 4247 omnibus
687 4167 783 4249 enim
810 4164 953 4268 placete
976 4187 1056 4244 non
1081 4164 1195 4251 valeo.
1238 4168 1435 4270 periodon.
1466 4168 1542 4249 hoc
1560 4166 1687 4252 mutiet
1706 4168 1899 4262 diastema.
1927 4171 2091 4277 systema.

352 4280 436 4363 Nec
452 4296 571 4361 tamen
593 4277 669 4359 sne
684 4274 973 4381 grevilhmorum
992 4276 1128 4356 indicio
1144 4281 1198 4357 ai·
1238 4280 1686 4383 teleufirnquevoluenmt
1699 4306 1846 4365 vocare.
1875 4282 1938 4371 Da
1957 4284 2016 4369 hia
2029 4283 2095 4367 rci-

353 4416 483 4481 aorutu
508 4392 584 4480 bac
605 4386 788 4493 adgreffus
811 4388 913 4481 sum,
945 4411 1108 4497 qnorum
1134 4414 1198 4475 au·
1238 4418 1280 4476 re
1301 4394 1428 4476 volana
1454 4394 1660 4480 lobamnem
1677 4394 1853 4500 inspicat
1904 4416 1907 4420 ’
