<?xml version="1.0" encoding="UTF-8"?>
<!DOCTYPE html PUBLIC "-//W3C//DTD XHTML 1.0 Transitional//EN"
    "http://www.w3.org/TR/xhtml1/DTD/xhtml1-transitional.dtd">
<html xmlns="http://www.w3.org/1999/xhtml" xml:lang="en" lang="en">
 <head>
  <title>
</title>
<meta http-equiv="Content-Type" content="text/html;charset=utf-8" />
  <meta name='ocr-system' content='tesseract 3.04.00' />
  <meta name='ocr-capabilities' content='ocr_page ocr_carea ocr_par ocr_line ocrx_word'/>
</head>
<body>
  <div class='ocr_page' id='page_1' title='image "./scriptoreseccle00gerbgoog_0211.png"; bbox 0 0 4750 6025; ppageno 0'>
   <div class='ocr_carea' id='block_1_1' title="bbox 410 496 527 634">
    <p class='ocr_par' dir='ltr' id='par_1_1' title="bbox 410 496 527 634">
     <span class='ocr_line' id='line_1_1' title="bbox 410 496 527 634; baseline 0.103 -33"><span class='ocrx_word' id='word_1_1' title='bbox 410 496 527 634; x_wconf 82' lang='lat'>198</span> 
     </span>
    </p>
   </div>
   <div class='ocr_carea' id='block_1_2' title="bbox 969 500 1610 781">
    <p class='ocr_par' dir='ltr' id='par_1_2' title="bbox 969 500 1610 781">
     <span class='ocr_line' id='line_1_2' title="bbox 969 500 1610 608; baseline 0.008 -9"><span class='ocrx_word' id='word_1_2' title='bbox 969 514 1230 601; x_wconf 66' lang='lat' dir='ltr'>lontibus</span> <span class='ocrx_word' id='word_1_3' title='bbox 1271 500 1371 601; x_wconf 48' lang='lat' dir='ltr'>DE&#39;</span> <span class='ocrx_word' id='word_1_4' title='bbox 1397 518 1610 608; x_wconf 71' lang='lat' dir='ltr'>MURIS.</span> 
     </span>
     <span class='ocr_line' id='line_1_3' title="bbox 1075 694 1478 781; baseline 0.01 -4"><span class='ocrx_word' id='word_1_5' title='bbox 1075 694 1246 778; x_wconf 80' lang='lat' dir='ltr'>Mettum</span> <span class='ocrx_word' id='word_1_6' title='bbox 1273 698 1316 777; x_wconf 81' lang='lat' dir='ltr'>dr</span> <span class='ocrx_word' id='word_1_7' title='bbox 1340 696 1478 781; x_wconf 79' lang='lat' dir='ltr'>Eodem.</span> 
     </span>
    </p>
   </div>
   <div class='ocr_carea' id='block_1_3' title="bbox 545 803 1623 1076">
    <p class='ocr_par' dir='ltr' id='par_1_3' title="bbox 545 803 1623 1076">
     <span class='ocr_line' id='line_1_4' title="bbox 545 803 1623 967; baseline 0.006 -27"><span class='ocrx_word' id='word_1_8' title='bbox 545 803 548 807; x_wconf 88' lang='lat'>.</span> <span class='ocrx_word' id='word_1_9' title='bbox 681 852 838 941; x_wconf 78' lang='lat' dir='ltr'>Frutius</span> <span class='ocrx_word' id='word_1_10' title='bbox 864 856 1034 939; x_wconf 79' lang='lat' dir='ltr'>canundi</span> <span class='ocrx_word' id='word_1_11' title='bbox 1059 882 1215 962; x_wconf 82' lang='lat' dir='ltr'>magnus</span> <span class='ocrx_word' id='word_1_12' title='bbox 1239 858 1477 964; x_wconf 70' lang='lat' dir='ltr'><strong>perpenditur</strong></span> <span class='ocrx_word' id='word_1_13' title='bbox 1497 858 1623 967; x_wconf 85' lang='lat' dir='ltr'>usqne.</span> 
     </span>
     <span class='ocr_line' id='line_1_5' title="bbox 552 964 1555 1076; baseline 0.001 -26"><span class='ocrx_word' id='word_1_14' title='bbox 552 974 554 979; x_wconf 85' lang='grc'><strong>’</strong></span> <span class='ocrx_word' id='word_1_15' title='bbox 681 964 772 1050; x_wconf 89' lang='lat' dir='ltr'>Hoc</span> <span class='ocrx_word' id='word_1_16' title='bbox 801 968 1032 1051; x_wconf 85' lang='lat' dir='ltr'>attendentes</span> <span class='ocrx_word' id='word_1_17' title='bbox 1060 968 1225 1073; x_wconf 85' lang='lat' dir='ltr'>ignatius</span> <span class='ocrx_word' id='word_1_18' title='bbox 1251 971 1555 1076; x_wconf 82' lang='lat' dir='ltr'>Ambruiusque,</span> 
     </span>
    </p>
   </div>
   <div class='ocr_carea' id='block_1_4' title="bbox 683 1072 1637 1637">
    <p class='ocr_par' dir='ltr' id='par_1_4' title="bbox 683 1072 1637 1525">
     <span class='ocr_line' id='line_1_6' title="bbox 683 1072 1637 1187; baseline 0.001 -26"><span class='ocrx_word' id='word_1_19' title='bbox 683 1072 920 1174; x_wconf 81' lang='lat' dir='ltr'>Decrevere,</span> <span class='ocrx_word' id='word_1_20' title='bbox 950 1079 1038 1164; x_wconf 87' lang='lat' dir='ltr'>Deo</span> <span class='ocrx_word' id='word_1_21' title='bbox 1063 1083 1168 1187; x_wconf 89' lang='lat' dir='ltr'>quod</span> <span class='ocrx_word' id='word_1_22' title='bbox 1199 1085 1237 1163; x_wconf 91' lang='lat' dir='ltr'>iu</span> <span class='ocrx_word' id='word_1_23' title='bbox 1263 1078 1417 1165; x_wconf 74' lang='lat' dir='ltr'>eecleiia&#39;</span> <span class='ocrx_word' id='word_1_24' title='bbox 1434 1084 1637 1183; x_wconf 75' lang='lat' dir='ltr'>celebretur</span> 
     </span>
     <span class='ocr_line' id='line_1_7' title="bbox 685 1190 1626 1297; baseline 0.003 -23"><span class='ocrx_word' id='word_1_25' title='bbox 685 1190 832 1283; x_wconf 80' lang='lat' dir='ltr'>Contu,</span> <span class='ocrx_word' id='word_1_26' title='bbox 855 1198 932 1297; x_wconf 82' lang='lat' dir='ltr'>qui</span> <span class='ocrx_word' id='word_1_27' title='bbox 958 1210 1120 1275; x_wconf 82' lang='lat' dir='ltr'>mentem</span> <span class='ocrx_word' id='word_1_28' title='bbox 1148 1195 1317 1275; x_wconf 79' lang='lat' dir='ltr'>devoum</span> <span class='ocrx_word' id='word_1_29' title='bbox 1345 1198 1626 1282; x_wconf 84' lang='lat' dir='ltr'>conoomitetut.</span> 
     </span>
     <span class='ocr_line' id='line_1_8' title="bbox 685 1302 1524 1408; baseline 0.001 -24"><span class='ocrx_word' id='word_1_30' title='bbox 685 1302 902 1385; x_wconf 84' lang='lat' dir='ltr'>Ambrofios</span> <span class='ocrx_word' id='word_1_31' title='bbox 932 1306 1035 1386; x_wconf 87' lang='lat' dir='ltr'>dedit</span> <span class='ocrx_word' id='word_1_32' title='bbox 1062 1302 1228 1388; x_wconf 87' lang='lat' dir='ltr'>officium</span> <span class='ocrx_word' id='word_1_33' title='bbox 1256 1305 1405 1408; x_wconf 82' lang='lat' dir='ltr'>speciale</span> <span class='ocrx_word' id='word_1_34' title='bbox 1431 1308 1524 1398; x_wconf 84' lang='lat' dir='ltr'>diei,</span> 
     </span>
     <span class='ocr_line' id='line_1_9' title="bbox 685 1413 1450 1525; baseline 0.001 -28"><span class='ocrx_word' id='word_1_35' title='bbox 685 1413 852 1497; x_wconf 86' lang='lat' dir='ltr'>Cuilibet</span> <span class='ocrx_word' id='word_1_36' title='bbox 878 1420 917 1495; x_wconf 92' lang='lat' dir='ltr'>in</span> <span class='ocrx_word' id='word_1_37' title='bbox 941 1432 1053 1498; x_wconf 87' lang='lat' dir='ltr'>cantu</span> <span class='ocrx_word' id='word_1_38' title='bbox 1080 1418 1225 1520; x_wconf 80' lang='lat' dir='ltr'>prolixe</span> <span class='ocrx_word' id='word_1_39' title='bbox 1250 1421 1422 1498; x_wconf 88' lang='lat' dir='ltr'>materiei.</span> <span class='ocrx_word' id='word_1_40' title='bbox 1448 1522 1450 1525; x_wconf 6' lang='grc' dir='ltr'><em>Α</em></span> 
     </span>
    </p>

    <p class='ocr_par' dir='ltr' id='par_1_5' title="bbox 684 1524 1613 1637">
     <span class='ocr_line' id='line_1_10' title="bbox 684 1524 1613 1637; baseline 0 -28"><span class='ocrx_word' id='word_1_41' title='bbox 684 1524 779 1609; x_wconf 88' lang='lat' dir='ltr'>lude</span> <span class='ocrx_word' id='word_1_42' title='bbox 806 1526 1013 1629; x_wconf 81' lang='lat' dir='ltr'>Gregorius</span> <span class='ocrx_word' id='word_1_43' title='bbox 1039 1530 1089 1609; x_wconf 84' lang='lat' dir='ltr'>eii</span> <span class='ocrx_word' id='word_1_44' title='bbox 1115 1528 1305 1609; x_wconf 86' lang='lat' dir='ltr'>Romanus</span> <span class='ocrx_word' id='word_1_45' title='bbox 1331 1554 1423 1637; x_wconf 88' lang='lat' dir='ltr'>papa</span> <span class='ocrx_word' id='word_1_46' title='bbox 1449 1525 1613 1629; x_wconf 73' lang='lat' dir='ltr'>secutur,</span> 
     </span>
    </p>
   </div>
   <div class='ocr_carea' id='block_1_5' title="bbox 686 1621 1888 1743">
    <p class='ocr_par' dir='ltr' id='par_1_6' title="bbox 686 1621 1888 1743">
     <span class='ocr_line' id='line_1_11' title="bbox 686 1621 1888 1743; baseline -0.003 -22"><span class='ocrx_word' id='word_1_47' title='bbox 686 1636 762 1721; x_wconf 81' lang='lat' dir='ltr'>Cui</span> <span class='ocrx_word' id='word_1_48' title='bbox 783 1638 921 1742; x_wconf 77' lang='lat' dir='ltr'>placuit</span> <span class='ocrx_word' id='word_1_49' title='bbox 943 1639 1077 1723; x_wconf 89' lang='lat' dir='ltr'>modus</span> <span class='ocrx_word' id='word_1_50' title='bbox 1099 1641 1158 1720; x_wconf 89' lang='lat' dir='ltr'>hic</span> <span class='ocrx_word' id='word_1_51' title='bbox 1179 1641 1280 1743; x_wconf 89' lang='lat' dir='ltr'>quod</span> <span class='ocrx_word' id='word_1_52' title='bbox 1302 1666 1379 1721; x_wconf 92' lang='lat' dir='ltr'>uon</span> <span class='ocrx_word' id='word_1_53' title='bbox 1401 1644 1467 1719; x_wconf 87' lang='lat' dir='ltr'>stet</span> <span class='ocrx_word' id='word_1_54' title='bbox 1487 1640 1603 1719; x_wconf 89' lang='lat' dir='ltr'>bomo</span> <span class='ocrx_word' id='word_1_55' title='bbox 1621 1633 1720 1741; x_wconf 73' lang='lat' dir='ltr'>qutfl</span> <span class='ocrx_word' id='word_1_56' title='bbox 1741 1621 1888 1728; x_wconf 86' lang='lat' dir='ltr'>motor,</span> 
     </span>
    </p>
   </div>
   <div class='ocr_carea' id='block_1_6' title="bbox 685 1745 1784 2519">
    <p class='ocr_par' dir='ltr' id='par_1_7' title="bbox 685 1745 1784 1967">
     <span class='ocr_line' id='line_1_12' title="bbox 685 1745 1784 1839; baseline 0 -8"><span class='ocrx_word' id='word_1_57' title='bbox 685 1745 787 1831; x_wconf 87' lang='lat' dir='ltr'>Nam</span> <span class='ocrx_word' id='word_1_58' title='bbox 817 1751 944 1839; x_wconf 88' lang='lat' dir='ltr'>decet.</span> <span class='ocrx_word' id='word_1_59' title='bbox 976 1767 1018 1831; x_wconf 88' lang='lat' dir='ltr'>ut</span> <span class='ocrx_word' id='word_1_60' title='bbox 1044 1753 1173 1831; x_wconf 87' lang='lat' dir='ltr'>mundi</span> <span class='ocrx_word' id='word_1_61' title='bbox 1202 1752 1352 1833; x_wconf 82' lang='lat' dir='ltr'>salrator</span> <span class='ocrx_word' id='word_1_62' title='bbox 1378 1757 1492 1834; x_wconf 83' lang='lat' dir='ltr'>trinus</span> <span class='ocrx_word' id='word_1_63' title='bbox 1518 1753 1557 1829; x_wconf 72' lang='lat' dir='ltr'>ir</span> <span class='ocrx_word' id='word_1_64' title='bbox 1581 1774 1677 1833; x_wconf 85' lang='lat' dir='ltr'>unus</span> <span class='ocrx_word' id='word_1_65' title='bbox 1780 1811 1784 1818; x_wconf 75' lang='lat'><strong>·</strong></span> 
     </span>
     <span class='ocr_line' id='line_1_13' title="bbox 687 1858 1573 1967; baseline -0.005 -23"><span class='ocrx_word' id='word_1_66' title='bbox 687 1858 870 1964; x_wconf 82' lang='lat' dir='ltr'>Obsequii</span> <span class='ocrx_word' id='word_1_67' title='bbox 897 1866 1036 1941; x_wconf 87' lang='lat' dir='ltr'>trinum</span> <span class='ocrx_word' id='word_1_68' title='bbox 1062 1864 1175 1943; x_wconf 86' lang='lat' dir='ltr'>nostri</span> <span class='ocrx_word' id='word_1_69' title='bbox 1200 1866 1323 1967; x_wconf 86' lang='lat' dir='ltr'>capiat</span> <span class='ocrx_word' id='word_1_70' title='bbox 1341 1862 1405 1941; x_wconf 88' lang='lat' dir='ltr'>iibi</span> <span class='ocrx_word' id='word_1_71' title='bbox 1430 1886 1573 1941; x_wconf 87' lang='lat' dir='ltr'>munus.</span> 
     </span>
    </p>

    <p class='ocr_par' dir='ltr' id='par_1_8' title="bbox 687 1966 1724 2298">
     <span class='ocr_line' id='line_1_14' title="bbox 687 1966 1714 2075; baseline -0.003 -21"><span class='ocrx_word' id='word_1_72' title='bbox 687 1970 769 2054; x_wconf 92' lang='lat' dir='ltr'>Cor</span> <span class='ocrx_word' id='word_1_73' title='bbox 796 1978 944 2075; x_wconf 85' lang='lat' dir='ltr'>cupiat,</span> <span class='ocrx_word' id='word_1_74' title='bbox 975 1974 1079 2053; x_wconf 91' lang='lat' dir='ltr'>sonet</span> <span class='ocrx_word' id='word_1_75' title='bbox 1110 1997 1178 2065; x_wconf 84' lang='lat' dir='ltr'>os.</span> <span class='ocrx_word' id='word_1_76' title='bbox 1211 1976 1248 2051; x_wconf 74' lang='grc' dir='ltr'>δι</span> <span class='ocrx_word' id='word_1_77' title='bbox 1273 1966 1440 2058; x_wconf 85' lang='lat' dir='ltr'>machina</span> <span class='ocrx_word' id='word_1_78' title='bbox 1464 1986 1542 2053; x_wconf 85' lang='lat' dir='ltr'>toto</span> <span class='ocrx_word' id='word_1_79' title='bbox 1568 1972 1714 2051; x_wconf 86' lang='lat' dir='ltr'>laboret</span> 
     </span>
     <span class='ocr_line' id='line_1_15' title="bbox 687 2083 1724 2186; baseline 0.002 -21"><span class='ocrx_word' id='word_1_80' title='bbox 687 2084 874 2186; x_wconf 84' lang='lat' dir='ltr'>Corporis</span> <span class='ocrx_word' id='word_1_81' title='bbox 904 2086 949 2163; x_wconf 88' lang='lat' dir='ltr'>ad</span> <span class='ocrx_word' id='word_1_82' title='bbox 976 2083 1211 2173; x_wconf 87' lang='lat' dir='ltr'>Dominum,</span> <span class='ocrx_word' id='word_1_83' title='bbox 1239 2085 1342 2186; x_wconf 88' lang='lat' dir='ltr'>quod</span> <span class='ocrx_word' id='word_1_84' title='bbox 1367 2084 1415 2164; x_wconf 88' lang='lat' dir='ltr'>iic</span> <span class='ocrx_word' id='word_1_85' title='bbox 1437 2083 1603 2165; x_wconf 79' lang='lat' dir='ltr'>devotior</span> <span class='ocrx_word' id='word_1_86' title='bbox 1628 2098 1724 2167; x_wconf 80' lang='lat' dir='ltr'>ortt.</span> 
     </span>
     <span class='ocr_line' id='line_1_16' title="bbox 689 2194 1635 2298; baseline -0.004 -23"><span class='ocrx_word' id='word_1_87' title='bbox 689 2194 771 2292; x_wconf 84' lang='lat' dir='ltr'>Qui</span> <span class='ocrx_word' id='word_1_88' title='bbox 798 2196 892 2274; x_wconf 91' lang='lat' dir='ltr'>beue</span> <span class='ocrx_word' id='word_1_89' title='bbox 920 2210 1044 2275; x_wconf 89' lang='lat' dir='ltr'>mente</span> <span class='ocrx_word' id='word_1_90' title='bbox 1070 2196 1162 2275; x_wconf 87' lang='lat' dir='ltr'>iouo</span> <span class='ocrx_word' id='word_1_91' title='bbox 1186 2194 1284 2273; x_wconf 81' lang='lat' dir='ltr'>fatiis</span> <span class='ocrx_word' id='word_1_92' title='bbox 1310 2218 1416 2275; x_wconf 88' lang='lat' dir='ltr'>orans</span> <span class='ocrx_word' id='word_1_93' title='bbox 1443 2210 1635 2298; x_wconf 81' lang='lat' dir='ltr'>operatur,</span> 
     </span>
    </p>

    <p class='ocr_par' dir='ltr' id='par_1_9' title="bbox 686 2304 1726 2519">
     <span class='ocr_line' id='line_1_17' title="bbox 686 2304 1639 2407; baseline -0.003 -20"><span class='ocrx_word' id='word_1_94' title='bbox 686 2306 732 2387; x_wconf 91' lang='lat' dir='ltr'>ln</span> <span class='ocrx_word' id='word_1_95' title='bbox 760 2304 921 2385; x_wconf 86' lang='lat' dir='ltr'>Domini</span> <span class='ocrx_word' id='word_1_96' title='bbox 948 2306 1089 2407; x_wconf 89' lang='lat' dir='ltr'>templo</span> <span class='ocrx_word' id='word_1_97' title='bbox 1117 2309 1250 2385; x_wconf 87' lang='lat' dir='ltr'>merito</span> <span class='ocrx_word' id='word_1_98' title='bbox 1274 2306 1450 2385; x_wconf 80' lang='lat' dir='ltr'>citharista</span> <span class='ocrx_word' id='word_1_99' title='bbox 1478 2322 1639 2387; x_wconf 83' lang='lat' dir='ltr'>vocator.</span> 
     </span>
     <span class='ocr_line' id='line_1_18' title="bbox 688 2415 1726 2519; baseline -0.004 -21"><span class='ocrx_word' id='word_1_100' title='bbox 688 2416 854 2499; x_wconf 86' lang='lat' dir='ltr'>Cautum</span> <span class='ocrx_word' id='word_1_101' title='bbox 883 2440 974 2519; x_wconf 85' lang='lat' dir='ltr'>papa</span> <span class='ocrx_word' id='word_1_102' title='bbox 1002 2440 1141 2497; x_wconf 87' lang='lat' dir='ltr'>novum</span> <span class='ocrx_word' id='word_1_103' title='bbox 1169 2415 1331 2495; x_wconf 86' lang='lat' dir='ltr'>distinxit</span> <span class='ocrx_word' id='word_1_104' title='bbox 1354 2419 1393 2494; x_wconf 91' lang='lat' dir='ltr'>in</span> <span class='ocrx_word' id='word_1_105' title='bbox 1418 2418 1548 2496; x_wconf 82' lang='lat' dir='ltr'>ordine</span> <span class='ocrx_word' id='word_1_106' title='bbox 1571 2416 1726 2507; x_wconf 63' lang='lat' dir='ltr'>fotium</span> 
     </span>
    </p>
   </div>
   <div class='ocr_carea' id='block_1_7' title="bbox 629 2526 1868 2629">
    <p class='ocr_par' dir='ltr' id='par_1_10' title="bbox 629 2526 1868 2629">
     <span class='ocr_line' id='line_1_19' title="bbox 629 2526 1868 2629; baseline 0.001 -20"><span class='ocrx_word' id='word_1_107' title='bbox 629 2614 634 2625; x_wconf 18' lang='lat' dir='ltr'><em>st</em></span> <span class='ocrx_word' id='word_1_108' title='bbox 688 2527 850 2629; x_wconf 80' lang='lat' dir='ltr'>Spiritus</span> <span class='ocrx_word' id='word_1_109' title='bbox 877 2527 977 2607; x_wconf 88' lang='lat' dir='ltr'>bunc</span> <span class='ocrx_word' id='word_1_110' title='bbox 1003 2528 1139 2607; x_wconf 78' lang='lat' dir='ltr'>santius</span> <span class='ocrx_word' id='word_1_111' title='bbox 1167 2526 1319 2616; x_wconf 85' lang='lat' dir='ltr'>docuit,</span> <span class='ocrx_word' id='word_1_112' title='bbox 1349 2528 1451 2629; x_wconf 89' lang='lat' dir='ltr'>quod</span> <span class='ocrx_word' id='word_1_113' title='bbox 1476 2530 1513 2606; x_wconf 94' lang='lat' dir='ltr'>in</span> <span class='ocrx_word' id='word_1_114' title='bbox 1540 2528 1614 2606; x_wconf 84' lang='lat' dir='ltr'>huc</span> <span class='ocrx_word' id='word_1_115' title='bbox 1637 2528 1708 2607; x_wconf 84' lang='lat' dir='ltr'>fuit</span> <span class='ocrx_word' id='word_1_116' title='bbox 1733 2527 1868 2618; x_wconf 77' lang='lat' dir='ltr'>stium..</span> 
     </span>
    </p>
   </div>
   <div class='ocr_carea' id='block_1_8' title="bbox 681 2636 1804 4170">
    <p class='ocr_par' dir='ltr' id='par_1_11' title="bbox 687 2636 1804 3293">
     <span class='ocr_line' id='line_1_20' title="bbox 687 2636 1804 2739; baseline 0.004 -20"><span class='ocrx_word' id='word_1_117' title='bbox 687 2638 789 2719; x_wconf 86' lang='lat' dir='ltr'>Nam</span> <span class='ocrx_word' id='word_1_118' title='bbox 818 2636 947 2717; x_wconf 89' lang='lat' dir='ltr'>Petrus</span> <span class='ocrx_word' id='word_1_119' title='bbox 974 2638 1134 2738; x_wconf 84' lang='lat' dir='ltr'>aspexit,</span> <span class='ocrx_word' id='word_1_120' title='bbox 1164 2638 1268 2739; x_wconf 88' lang='lat' dir='ltr'>quod</span> <span class='ocrx_word' id='word_1_121' title='bbox 1293 2638 1419 2738; x_wconf 88' lang='lat' dir='ltr'>pulcra</span> <span class='ocrx_word' id='word_1_122' title='bbox 1443 2637 1613 2719; x_wconf 85' lang='lat' dir='ltr'>columba</span> <span class='ocrx_word' id='word_1_123' title='bbox 1638 2638 1804 2733; x_wconf 82' lang='lat' dir='ltr'>sedebat,</span> 
     </span>
     <span class='ocr_line' id='line_1_21' title="bbox 689 2749 1690 2852; baseline 0 -21"><span class='ocrx_word' id='word_1_124' title='bbox 689 2749 809 2831; x_wconf 77' lang='lat' dir='ltr'>Aures</span> <span class='ocrx_word' id='word_1_125' title='bbox 837 2771 918 2849; x_wconf 82' lang='lat' dir='ltr'>quar</span> <span class='ocrx_word' id='word_1_126' title='bbox 946 2749 1049 2851; x_wconf 83' lang='lat' dir='ltr'>Papae</span> <span class='ocrx_word' id='word_1_127' title='bbox 1076 2762 1230 2846; x_wconf 88' lang='lat' dir='ltr'>tangens</span> <span class='ocrx_word' id='word_1_128' title='bbox 1256 2749 1477 2852; x_wconf 86' lang='lat' dir='ltr'>quaudoque</span> <span class='ocrx_word' id='word_1_129' title='bbox 1505 2750 1690 2831; x_wconf 81' lang='lat' dir='ltr'>monebat</span> 
     </span>
     <span class='ocr_line' id='line_1_22' title="bbox 688 2858 1640 2959; baseline -0.002 -19"><span class='ocrx_word' id='word_1_130' title='bbox 688 2858 841 2940; x_wconf 87' lang='lat' dir='ltr'>Morbis</span> <span class='ocrx_word' id='word_1_131' title='bbox 871 2858 1078 2937; x_wconf 87' lang='lat' dir='ltr'>adscribunt</span> <span class='ocrx_word' id='word_1_132' title='bbox 1103 2858 1251 2959; x_wconf 87' lang='lat' dir='ltr'>quidam</span> <span class='ocrx_word' id='word_1_133' title='bbox 1278 2874 1404 2951; x_wconf 81' lang='lat' dir='ltr'>cuntur</span> <span class='ocrx_word' id='word_1_134' title='bbox 1429 2860 1640 2939; x_wconf 84' lang='lat' dir='ltr'>brevitatem</span> 
     </span>
     <span class='ocr_line' id='line_1_23' title="bbox 689 2967 1677 3073; baseline 0.001 -24"><span class='ocrx_word' id='word_1_135' title='bbox 689 2969 859 3068; x_wconf 84' lang='lat' dir='ltr'>Qpidom</span> <span class='ocrx_word' id='word_1_136' title='bbox 885 2993 956 3073; x_wconf 93' lang='lat' dir='ltr'>pro</span> <span class='ocrx_word' id='word_1_137' title='bbox 983 2969 1085 3050; x_wconf 87' lang='lat' dir='ltr'>causa</span> <span class='ocrx_word' id='word_1_138' title='bbox 1112 2981 1257 3070; x_wconf 87' lang='lat' dir='ltr'>ponunt</span> <span class='ocrx_word' id='word_1_139' title='bbox 1280 2967 1436 3050; x_wconf 88' lang='lat' dir='ltr'>Domini</span> <span class='ocrx_word' id='word_1_140' title='bbox 1461 2971 1677 3050; x_wconf 83' lang='lat' dir='ltr'>bonitatem.</span> 
     </span>
     <span class='ocr_line' id='line_1_24' title="bbox 688 3081 1783 3181; baseline 0.002 -20"><span class='ocrx_word' id='word_1_141' title='bbox 688 3081 788 3162; x_wconf 89' lang='lat' dir='ltr'>Nam</span> <span class='ocrx_word' id='word_1_142' title='bbox 818 3082 984 3180; x_wconf 84' lang='lat' dir='ltr'>quamvis</span> <span class='ocrx_word' id='word_1_143' title='bbox 1010 3081 1129 3158; x_wconf 86' lang='lat' dir='ltr'>breuis</span> <span class='ocrx_word' id='word_1_144' title='bbox 1158 3081 1232 3166; x_wconf 85' lang='lat' dir='ltr'>tit,</span> <span class='ocrx_word' id='word_1_145' title='bbox 1261 3082 1409 3181; x_wconf 88' lang='lat' dir='ltr'>quidam</span> <span class='ocrx_word' id='word_1_146' title='bbox 1433 3081 1566 3162; x_wconf 85' lang='lat' dir='ltr'>nescire</span> <span class='ocrx_word' id='word_1_147' title='bbox 1592 3082 1783 3176; x_wconf 82' lang='lat' dir='ltr'>ridentur.</span> 
     </span>
     <span class='ocr_line' id='line_1_25' title="bbox 687 3187 1671 3293; baseline 0.005 -23"><span class='ocrx_word' id='word_1_148' title='bbox 687 3190 856 3293; x_wconf 84' lang='lat' dir='ltr'>Magnos</span> <span class='ocrx_word' id='word_1_149' title='bbox 886 3206 1054 3269; x_wconf 86' lang='lat' dir='ltr'>cantores</span> <span class='ocrx_word' id='word_1_150' title='bbox 1084 3189 1153 3269; x_wconf 84' lang='lat' dir='ltr'>ieie</span> <span class='ocrx_word' id='word_1_151' title='bbox 1183 3203 1304 3266; x_wconf 74' lang='lat' dir='ltr'>umen</span> <span class='ocrx_word' id='word_1_152' title='bbox 1331 3187 1399 3267; x_wconf 79' lang='lat' dir='ltr'>elie</span> <span class='ocrx_word' id='word_1_153' title='bbox 1427 3192 1594 3276; x_wconf 80' lang='lat' dir='ltr'>farentur.</span> <span class='ocrx_word' id='word_1_154' title='bbox 1645 3203 1671 3225; x_wconf 78' lang='grc'><em>”</em></span> 
     </span>
    </p>

    <p class='ocr_par' dir='ltr' id='par_1_12' title="bbox 681 3297 1752 3846">
     <span class='ocr_line' id='line_1_26' title="bbox 685 3297 1671 3402; baseline 0 -20"><span class='ocrx_word' id='word_1_155' title='bbox 685 3297 747 3382; x_wconf 84' lang='lat' dir='ltr'>Est</span> <span class='ocrx_word' id='word_1_156' title='bbox 776 3299 933 3387; x_wconf 90' lang='lat' dir='ltr'>melius,</span> <span class='ocrx_word' id='word_1_157' title='bbox 963 3299 1068 3402; x_wconf 89' lang='lat' dir='ltr'>quod</span> <span class='ocrx_word' id='word_1_158' title='bbox 1096 3323 1174 3377; x_wconf 88' lang='lat' dir='ltr'>non</span> <span class='ocrx_word' id='word_1_159' title='bbox 1203 3303 1318 3378; x_wconf 82' lang='lat' dir='ltr'>currit</span> <span class='ocrx_word' id='word_1_160' title='bbox 1345 3299 1509 3379; x_wconf 81' lang='lat' dir='ltr'>confufio</span> <span class='ocrx_word' id='word_1_161' title='bbox 1538 3301 1671 3392; x_wconf 84' lang='lat' dir='ltr'>muita,</span> 
     </span>
     <span class='ocr_line' id='line_1_27' title="bbox 686 3406 1730 3515; baseline 0.002 -23"><span class='ocrx_word' id='word_1_162' title='bbox 686 3411 872 3499; x_wconf 85' lang='lat' dir='ltr'>AEstimo,</span> <span class='ocrx_word' id='word_1_163' title='bbox 903 3409 1006 3512; x_wconf 87' lang='lat' dir='ltr'>quod</span> <span class='ocrx_word' id='word_1_164' title='bbox 1035 3409 1105 3488; x_wconf 86' lang='lat' dir='ltr'>fuit</span> <span class='ocrx_word' id='word_1_165' title='bbox 1133 3408 1212 3488; x_wconf 81' lang='lat' dir='ltr'>baec</span> <span class='ocrx_word' id='word_1_166' title='bbox 1239 3406 1398 3486; x_wconf 89' lang='lat' dir='ltr'>Domini</span> <span class='ocrx_word' id='word_1_167' title='bbox 1424 3413 1554 3511; x_wconf 87' lang='lat' dir='ltr'>pietate</span> <span class='ocrx_word' id='word_1_168' title='bbox 1583 3412 1730 3515; x_wconf 86' lang='lat' dir='ltr'>sepulta.</span> 
     </span>
     <span class='ocr_line' id='line_1_28' title="bbox 681 3517 1668 3622; baseline 0.002 -23"><span class='ocrx_word' id='word_1_169' title='bbox 681 3521 876 3622; x_wconf 77' lang='lat' dir='ltr'>syncopis</span> <span class='ocrx_word' id='word_1_170' title='bbox 904 3520 941 3596; x_wconf 74' lang='grc' dir='ltr'><strong>ἃ</strong></span> <span class='ocrx_word' id='word_1_171' title='bbox 969 3519 1133 3619; x_wconf 83' lang='lat' dir='ltr'>podagra</span> <span class='ocrx_word' id='word_1_172' title='bbox 1159 3533 1332 3618; x_wconf 87' lang='lat' dir='ltr'>quartana</span> <span class='ocrx_word' id='word_1_173' title='bbox 1356 3517 1455 3597; x_wconf 81' lang='lat' dir='ltr'>filere</span> <span class='ocrx_word' id='word_1_174' title='bbox 1478 3523 1668 3608; x_wconf 89' lang='lat' dir='ltr'>iubebant.</span> 
     </span>
     <span class='ocr_line' id='line_1_29' title="bbox 685 3629 1752 3734; baseline 0.002 -22"><span class='ocrx_word' id='word_1_175' title='bbox 685 3629 802 3712; x_wconf 90' lang='lat' dir='ltr'>Hunc</span> <span class='ocrx_word' id='word_1_176' title='bbox 831 3630 1058 3734; x_wconf 89' lang='lat' dir='ltr'>quandoque</span> <span class='ocrx_word' id='word_1_177' title='bbox 1084 3631 1280 3705; x_wconf 87' lang='lat' dir='ltr'>brevinec</span> <span class='ocrx_word' id='word_1_178' title='bbox 1302 3651 1387 3707; x_wconf 90' lang='lat' dir='ltr'>eum</span> <span class='ocrx_word' id='word_1_179' title='bbox 1413 3646 1555 3710; x_wconf 86' lang='lat' dir='ltr'>cantare</span> <span class='ocrx_word' id='word_1_180' title='bbox 1579 3632 1752 3715; x_wconf 83' lang='lat' dir='ltr'>linebant.</span> 
     </span>
     <span class='ocr_line' id='line_1_30' title="bbox 687 3737 1657 3846; baseline -0.002 -26"><span class='ocrx_word' id='word_1_181' title='bbox 687 3743 882 3837; x_wconf 76' lang='lat' dir='ltr'>Quaeritur</span> <span class='ocrx_word' id='word_1_182' title='bbox 907 3763 926 3817; x_wconf 91' lang='lat' dir='ltr'>a</span> <span class='ocrx_word' id='word_1_183' title='bbox 953 3755 1085 3841; x_wconf 84' lang='lat' dir='ltr'>tergo.</span> <span class='ocrx_word' id='word_1_184' title='bbox 1116 3737 1221 3838; x_wconf 87' lang='lat' dir='ltr'>quod</span> <span class='ocrx_word' id='word_1_185' title='bbox 1248 3754 1521 3837; x_wconf 85' lang='lat' dir='ltr'>praecantuverat</span> <span class='ocrx_word' id='word_1_186' title='bbox 1544 3766 1657 3846; x_wconf 82' lang='lat' dir='ltr'>ergo,</span> 
     </span>
    </p>

    <p class='ocr_par' dir='ltr' id='par_1_13' title="bbox 685 3849 1721 4056">
     <span class='ocr_line' id='line_1_31' title="bbox 687 3849 1721 3949; baseline 0.002 -21"><span class='ocrx_word' id='word_1_187' title='bbox 687 3852 784 3948; x_wconf 82' lang='lat' dir='ltr'>on</span> <span class='ocrx_word' id='word_1_188' title='bbox 813 3849 921 3928; x_wconf 88' lang='lat' dir='ltr'>decet</span> <span class='ocrx_word' id='word_1_189' title='bbox 945 3849 1090 3948; x_wconf 87' lang='lat' dir='ltr'>impleri</span> <span class='ocrx_word' id='word_1_190' title='bbox 1117 3867 1297 3934; x_wconf 84' lang='lat' dir='ltr'>vacuum,</span> <span class='ocrx_word' id='word_1_191' title='bbox 1327 3850 1428 3949; x_wconf 87' lang='lat' dir='ltr'>quod</span> <span class='ocrx_word' id='word_1_192' title='bbox 1454 3851 1562 3928; x_wconf 83' lang='lat' dir='ltr'>nescit</span> <span class='ocrx_word' id='word_1_193' title='bbox 1587 3852 1721 3931; x_wconf 86' lang='lat' dir='ltr'>baberi.</span> 
     </span>
     <span class='ocr_line' id='line_1_32' title="bbox 685 3955 1675 4056; baseline -0.003 -14"><span class='ocrx_word' id='word_1_194' title='bbox 685 3961 821 4042; x_wconf 81' lang='lat' dir='ltr'>Traxit</span> <span class='ocrx_word' id='word_1_195' title='bbox 847 3962 885 4035; x_wconf 93' lang='lat' dir='ltr'>in</span> <span class='ocrx_word' id='word_1_196' title='bbox 913 3957 1126 4056; x_wconf 84' lang='lat' dir='ltr'>exemplum</span> <span class='ocrx_word' id='word_1_197' title='bbox 1150 3969 1224 4033; x_wconf 89' lang='lat' dir='ltr'>tres</span> <span class='ocrx_word' id='word_1_198' title='bbox 1250 3957 1288 4030; x_wconf 87' lang='lat' dir='ltr'>in</span> <span class='ocrx_word' id='word_1_199' title='bbox 1313 3955 1460 4035; x_wconf 81' lang='lat' dir='ltr'>fornace</span> <span class='ocrx_word' id='word_1_200' title='bbox 1484 3979 1675 4050; x_wconf 83' lang='lat' dir='ltr'>canentes,</span> 
     </span>
    </p>

    <p class='ocr_par' dir='ltr' id='par_1_14' title="bbox 684 4063 1732 4170">
     <span class='ocr_line' id='line_1_33' title="bbox 684 4063 1732 4170; baseline -0.001 -18"><span class='ocrx_word' id='word_1_201' title='bbox 684 4069 732 4170; x_wconf 81' lang='lat' dir='ltr'>Et</span> <span class='ocrx_word' id='word_1_202' title='bbox 758 4068 945 4168; x_wconf 81' lang='lat' dir='ltr'>Moysen,</span> <span class='ocrx_word' id='word_1_203' title='bbox 976 4065 1127 4169; x_wconf 87' lang='lat' dir='ltr'>quando</span> <span class='ocrx_word' id='word_1_204' title='bbox 1153 4063 1217 4142; x_wconf 85' lang='lat' dir='ltr'>sub</span> <span class='ocrx_word' id='word_1_205' title='bbox 1242 4067 1345 4164; x_wconf 78' lang='lat' dir='ltr'>aquis</span> <span class='ocrx_word' id='word_1_206' title='bbox 1374 4071 1511 4166; x_wconf 91' lang='lat' dir='ltr'>periere</span> <span class='ocrx_word' id='word_1_207' title='bbox 1536 4066 1732 4170; x_wconf 84' lang='lat' dir='ltr'>sequentes.</span> 
     </span>
    </p>
   </div>
   <div class='ocr_carea' id='block_1_9' title="bbox 649 4174 1642 4274">
    <p class='ocr_par' dir='ltr' id='par_1_15' title="bbox 649 4174 1642 4274">
     <span class='ocr_line' id='line_1_34' title="bbox 649 4174 1642 4274; baseline -0.005 -12"><span class='ocrx_word' id='word_1_208' title='bbox 649 4265 654 4274; x_wconf 74' lang='grc'><strong>,</strong></span> <span class='ocrx_word' id='word_1_209' title='bbox 685 4181 767 4262; x_wconf 84' lang='lat' dir='ltr'>Rex</span> <span class='ocrx_word' id='word_1_210' title='bbox 793 4177 920 4260; x_wconf 84' lang='lat' dir='ltr'>David</span> <span class='ocrx_word' id='word_1_211' title='bbox 949 4174 1175 4255; x_wconf 88' lang='lat' dir='ltr'>omnimodo</span> <span class='ocrx_word' id='word_1_212' title='bbox 1200 4192 1309 4252; x_wconf 88' lang='lat' dir='ltr'>cantu</span> <span class='ocrx_word' id='word_1_213' title='bbox 1336 4174 1464 4253; x_wconf 82' lang='lat' dir='ltr'>seruire</span> <span class='ocrx_word' id='word_1_214' title='bbox 1490 4179 1642 4258; x_wconf 86' lang='lat' dir='ltr'>docebat</span> 
     </span>
    </p>
   </div>
   <div class='ocr_carea' id='block_1_10' title="bbox 682 4285 1780 4712">
    <p class='ocr_par' dir='ltr' id='par_1_16' title="bbox 682 4285 1780 4712">
     <span class='ocr_line' id='line_1_35' title="bbox 684 4285 1780 4386; baseline 0.001 -15"><span class='ocrx_word' id='word_1_215' title='bbox 684 4294 781 4371; x_wconf 81' lang='lat' dir='ltr'>Ante</span> <span class='ocrx_word' id='word_1_216' title='bbox 810 4289 962 4374; x_wconf 85' lang='lat' dir='ltr'>Deum,</span> <span class='ocrx_word' id='word_1_217' title='bbox 993 4287 1243 4384; x_wconf 78' lang='lat' dir='ltr'>citharamque</span> <span class='ocrx_word' id='word_1_218' title='bbox 1269 4297 1394 4361; x_wconf 88' lang='lat' dir='ltr'>tenens</span> <span class='ocrx_word' id='word_1_219' title='bbox 1420 4285 1511 4364; x_wconf 85' lang='lat' dir='ltr'>hanc</span> <span class='ocrx_word' id='word_1_220' title='bbox 1536 4291 1780 4386; x_wconf 83' lang='lat' dir='ltr'>percutiebat,</span> 
     </span>
     <span class='ocr_line' id='line_1_36' title="bbox 682 4392 1625 4492; baseline -0.005 -11"><span class='ocrx_word' id='word_1_221' title='bbox 682 4401 912 4481; x_wconf 85' lang='lat' dir='ltr'>Multotiens</span> <span class='ocrx_word' id='word_1_222' title='bbox 942 4413 1086 4474; x_wconf 89' lang='lat' dir='ltr'>cantare</span> <span class='ocrx_word' id='word_1_223' title='bbox 1116 4395 1268 4478; x_wconf 86' lang='lat' dir='ltr'>iubens,</span> <span class='ocrx_word' id='word_1_224' title='bbox 1298 4392 1447 4492; x_wconf 82' lang='lat' dir='ltr'>psallens</span> <span class='ocrx_word' id='word_1_225' title='bbox 1477 4397 1625 4476; x_wconf 82' lang='lat' dir='ltr'>iterabat</span> 
     </span>
     <span class='ocr_line' id='line_1_37' title="bbox 682 4501 1718 4602; baseline -0.002 -12"><span class='ocrx_word' id='word_1_226' title='bbox 682 4510 856 4592; x_wconf 84' lang='lat' dir='ltr'>Verb&#39;urn</span> <span class='ocrx_word' id='word_1_227' title='bbox 883 4505 1075 4592; x_wconf 85' lang='lat' dir='ltr'>cantandi,</span> <span class='ocrx_word' id='word_1_228' title='bbox 1107 4501 1251 4602; x_wconf 77' lang='lat' dir='ltr'>fignant</span> <span class='ocrx_word' id='word_1_229' title='bbox 1276 4504 1379 4600; x_wconf 90' lang='lat' dir='ltr'>quod</span> <span class='ocrx_word' id='word_1_230' title='bbox 1404 4504 1533 4582; x_wconf 91' lang='lat' dir='ltr'>abinde</span> <span class='ocrx_word' id='word_1_231' title='bbox 1559 4511 1718 4590; x_wconf 79' lang='lat' dir='ltr'>vocabat.</span> 
     </span>
     <span class='ocr_line' id='line_1_38' title="bbox 682 4611 1667 4712; baseline -0.007 -10"><span class='ocrx_word' id='word_1_232' title='bbox 682 4619 877 4704; x_wconf 88' lang='lat' dir='ltr'>Necnon</span> <span class='ocrx_word' id='word_1_233' title='bbox 906 4618 942 4692; x_wconf 75' lang='lat' dir='ltr'>ss</span> <span class='ocrx_word' id='word_1_234' title='bbox 970 4614 1118 4694; x_wconf 84' lang='lat' dir='ltr'>Cbriito</span> <span class='ocrx_word' id='word_1_235' title='bbox 1147 4627 1238 4688; x_wconf 83' lang='lat' dir='ltr'>nato</span> <span class='ocrx_word' id='word_1_236' title='bbox 1267 4611 1331 4687; x_wconf 85' lang='lat' dir='ltr'>sub</span> <span class='ocrx_word' id='word_1_237' title='bbox 1359 4625 1526 4712; x_wconf 85' lang='lat' dir='ltr'>tempore</span> <span class='ocrx_word' id='word_1_238' title='bbox 1554 4617 1667 4695; x_wconf 73' lang='lat' dir='ltr'>nottis</span> 
     </span>
    </p>
   </div>
   <div class='ocr_carea' id='block_1_11' title="bbox 649 4721 1633 4932">
    <p class='ocr_par' dir='ltr' id='par_1_17' title="bbox 649 4721 1633 4932">
     <span class='ocr_line' id='line_1_39' title="bbox 649 4721 1633 4824; baseline -0.015 -6"><span class='ocrx_word' id='word_1_239' title='bbox 649 4811 652 4818; x_wconf 17' lang='grc' dir='ltr'><strong>Δ</strong></span> <span class='ocrx_word' id='word_1_240' title='bbox 682 4731 838 4812; x_wconf 81' lang='lat' dir='ltr'>Civibus</span> <span class='ocrx_word' id='word_1_241' title='bbox 870 4723 1043 4824; x_wconf 82' lang='lat' dir='ltr'>angelicis</span> <span class='ocrx_word' id='word_1_242' title='bbox 1073 4723 1147 4799; x_wconf 92' lang='lat' dir='ltr'>hoc</span> <span class='ocrx_word' id='word_1_243' title='bbox 1175 4724 1214 4797; x_wconf 91' lang='lat' dir='ltr'>in</span> <span class='ocrx_word' id='word_1_244' title='bbox 1244 4721 1491 4798; x_wconf 87' lang='lat' dir='ltr'>moduiamine</span> <span class='ocrx_word' id='word_1_245' title='bbox 1520 4721 1633 4802; x_wconf 81' lang='lat' dir='ltr'>dotiis</span> 
     </span>
     <span class='ocr_line' id='line_1_40' title="bbox 663 4829 1564 4932; baseline -0.014 -14"><span class='ocrx_word' id='word_1_246' title='bbox 663 4837 815 4919; x_wconf 62' lang='lat' dir='ltr'>&#39;Gloria</span> <span class='ocrx_word' id='word_1_247' title='bbox 846 4836 1039 4915; x_wconf 85' lang='lat' dir='ltr'>cantatum</span> <span class='ocrx_word' id='word_1_248' title='bbox 1065 4831 1269 4932; x_wconf 85' lang='lat' dir='ltr'>pastoribus</span> <span class='ocrx_word' id='word_1_249' title='bbox 1299 4829 1347 4905; x_wconf 85' lang='lat' dir='ltr'>est</span> <span class='ocrx_word' id='word_1_250' title='bbox 1376 4835 1564 4908; x_wconf 86' lang='lat' dir='ltr'>recitatum</span> 
     </span>
    </p>
   </div>
   <div class='ocr_carea' id='block_1_12' title="bbox 679 4937 1692 5049">
    <p class='ocr_par' dir='ltr' id='par_1_18' title="bbox 679 4937 1692 5049">
     <span class='ocr_line' id='line_1_41' title="bbox 679 4937 1692 5049; baseline -0.005 -18"><span class='ocrx_word' id='word_1_251' title='bbox 679 4947 728 5032; x_wconf 85' lang='lat' dir='ltr'>Et</span> <span class='ocrx_word' id='word_1_252' title='bbox 755 4951 868 5030; x_wconf 87' lang='lat' dir='ltr'>nobis</span> <span class='ocrx_word' id='word_1_253' title='bbox 897 4969 964 5049; x_wconf 86' lang='lat' dir='ltr'>prr</span> <span class='ocrx_word' id='word_1_254' title='bbox 993 4965 1058 5026; x_wconf 83' lang='lat' dir='ltr'>eus</span> <span class='ocrx_word' id='word_1_255' title='bbox 1086 4942 1224 5029; x_wconf 71' lang='lat' dir='ltr'>ditium</span> <span class='ocrx_word' id='word_1_256' title='bbox 1253 4937 1500 5041; x_wconf 83' lang='lat' dir='ltr'>scriptumque</span> <span class='ocrx_word' id='word_1_257' title='bbox 1528 4944 1692 5026; x_wconf 86' lang='lat' dir='ltr'>relatum.</span> 
     </span>
    </p>
   </div>
   <div class='ocr_carea' id='block_1_13' title="bbox 2003 5012 2126 5106">
    <p class='ocr_par' dir='ltr' id='par_1_19' title="bbox 2003 5012 2126 5106">
     <span class='ocr_line' id='line_1_42' title="bbox 2003 5012 2126 5106; baseline 0.041 -5"><span class='ocrx_word' id='word_1_258' title='bbox 2003 5012 2126 5106; x_wconf 77' lang='lat' dir='ltr'>Cau-</span> 
     </span>
    </p>
   </div>
   <div class='ocr_carea' id='block_1_14' title="bbox 0 0 2380 6021">
    <p class='ocr_par' dir='ltr' id='par_1_20' title="bbox 0 0 2380 6021">
     <span class='ocr_line' id='line_1_43' title="bbox 0 0 2380 6021; baseline 0 0"><span class='ocrx_word' id='word_1_259' title='bbox 0 0 2380 6021; x_wconf 95' lang='lat' dir='ltr'> </span> 
     </span>
    </p>
   </div>
  </div>
 </body>
</html>
