4750 6025
301 706 303 711 Υ
352 557 433 708 36
558 656 560 663 ,
941 580 1094 669 nerra
1135 576 1493 665 sunomours

346 760 466 841 bltutn
490 754 704 861 ptumum,
758 756 1009 867 sanquinem
1037 774 1194 867 praeten-
1231 784 1293 841 ma
1318 761 1408 841 facie
1430 760 1598 850 ridetur,
1626 757 1732 864 quud
1755 754 1969 843 deferuuit
1998 752 2089 839 toni

347 872 461 962 dunt,
477 874 635 962 &male
649 871 751 978 quod
765 897 846 954 nun
860 872 1191 976 debetsroulorurn,
1231 874 1290 953 nel
1314 870 1573 975 primiiltern
1598 872 1818 977 aliquotiens
1840 874 1878 952 in
1902 868 1941 951 1².
1970 864 2015 973 ,δι’
2035 867 2089 951 fis

348 998 418 1063 nec
438 988 840 1089 computumapponi,
866 1000 910 1068 ut
928 1002 1056 1066 cantur
1076 986 1200 1086 magis
1232 984 1377 1066 videtur
1399 978 1499 1087 quah
1523 984 1571 1066 de
1593 1000 1727 1089 quarto
1754 999 1850 1065 tono
1873 981 1932 1062 vel
1949 972 2087 1071 deter-

350 1099 539 1177 mernoriae
563 1098 822 1195 commendeti
851 1098 956 1201 quod
983 1098 1034 1178 ell
1057 1120 1196 1200 repro·
1234 1098 1315 1177 tio:
1345 1095 1565 1199 aliquotiens
1605 1098 1644 1175 in
1680 1094 1722 1195 F.
1755 1096 1795 1174 dc
1831 1092 1881 1175 lic
1920 1092 2083 1182 videtur,

350 1207 500 1287 batione
540 1208 718 1311 dignum,
757 1210 860 1313 quod
899 1232 980 1298 ,non
1023 1204 1195 1311 ponatur.
1234 1206 1340 1314 quod
1365 1206 1408 1287 lit
1439 1206 1533 1287 leuti
1570 1206 1676 1287 touii
1704 1209 1742 1299 dr
1772 1204 1822 1286 lic
1849 1208 1889 1285 in
1916 1202 2086 1289 elihlit·
2218 1288 2223 1297 ,

350 1318 421 1400 Sed
446 1321 596 1423 quidam
614 1322 715 1424 praui
739 1322 899 1422 magistri
918 1321 1049 1401 fomite
1066 1321 1197 1423 nequi·
1235 1322 1332 1399 teris.
1359 1323 1361 1326 ’
1384 1316 1433 1424 Et
1475 1317 1525 1399 lic
1552 1316 1755 1419 seruorum
1799 1317 1955 1423 alicuius
1999 1314 2088 1397 toni

351 1433 410 1509 tia
444 1431 541 1512 duiii
577 1431 710 1511 radunt
741 1433 788 1512 de
819 1432 939 1519 libris,
969 1448 1013 1513 ut
1037 1431 1084 1509 de
1109 1430 1197 1533 late·
1235 1440 1315 1513 non
1342 1429 1493 1532 uopuht
1518 1430 1552 1509 se
1582 1453 1667 1511 curn
1697 1428 1918 1533 antiphona.
1948 1422 2090 1529 quous·

352 1536 485 1621 talibus
516 1542 813 1625 scholasticorum
844 1542 1007 1622 eliciatur
1036 1539 1194 1643 languis,
1236 1565 1311 1645 que
1340 1555 1484 1621 tanturn
1519 1544 1786 1623 cantaverimus
1806 1540 1855 1619 de
1877 1562 1920 1620 ea
1949 1536 2008 1618 rel
2039 1536 2090 1617 de

351 1649 492 1755 ur'ego
512 1657 587 1734 uidi
607 1654 756 1743 abradi,
771 1654 808 1733 dr
825 1654 974 1735 verbera
995 1650 1109 1755 palius
1128 1652 1194 1741 fui.
1237 1652 1303 1731 illu
1328 1668 1459 1741 cautu,
1489 1654 1594 1755 quod
1619 1676 1684 1755 per
1713 1668 1879 1733 naturam
1904 1664 2090 1737 tonorum

354 1765 392 1843 h
430 1764 551 1846 adhuc
589 1764 663 1846 icio
706 1765 874 1858 librum,
919 1764 981 1847 des
1007 1788 1085 1875 quo
1126 1762 1198 1843 fuit
1238 1761 1336 1866 quali
1365 1761 1539 1866 polllurus
1568 1763 1746 1853 iudioere,
1776 1766 1883 1844 cuius
1913 1760 2090 1848 tonid'e·

353 1892 573 1977 computum
605 1876 781 1959 abrasum.
1238 1876 1323 1957 beat
1354 1873 1431 1954 elin
1484 1873 1578 1954 Item
1610 1877 1762 1979 probo,
1792 1873 1896 1977 quud
1929 1869 2092 1974 praenriss

409 1986 502 2066 ltenr
528 1992 567 2067 in
594 1988 762 2091 quolibet
786 1988 883 2066 libro
905 1998 1124 2089 computum
1139 1983 1198 2065 fo·
1238 1984 1318 2066 sum
1358 1988 1435 2074 est,
1477 1986 1580 2088 quud
1618 1989 1727 2068 etiam
1759 1986 1983 2090 aliquotiens
2001 2063 2003 2066 ,
2021 2006 2092 2087 per

352 2097 488 2178 liorunr
518 2100 603 2185 libri
629 2100 826 2179 ordinatim
846 2102 885 2178 in
913 2100 1083 2202 quolibet
1104 2096 1198 2176 lolio
1240 2099 1380 2201 primus
1414 2096 1499 2179 uilo
1522 2096 1678 2202 pondos
1707 2100 1747 2177 in
1780 2098 1966 2200 principio
1989 2095 2092 2189 auti.

353 2212 463 2289 debet
486 2213 598 2314 poni.
618 2224 661 2291 ut
687 2234 760 2311 ago
788 2210 863 2295 uidi
885 2210 924 2291 in
946 2210 1055 2297 libris¹
1070 2208 1115 2287 de
1141 2232 1199 2296 ea-
1239 2208 1374 2311 phonae
1401 2232 1492 2301 nos,
1523 2212 1587 2312 qui
1615 2208 1782 2291 uidemus
1803 2232 1882 2288 earn
1910 2195 2090 2314 inflibro,

353 2322 506 2425 pellenia
540 2323 684 2401 domini
720 2314 848 2425 Papa,
877 2322 916 2399 de
952 2324 991 2399 in
1025 2320 1198 2414 omnibus
1240 2344 1321 2399 non
1350 2318 1542 2423 poll'nmus
1571 2320 1758 2407 iudicare„
1781 2321 1886 2400 cuius
1914 2322 1998 2397 tunt·
2024 2319 2092 2397 de-

352 2432 452 2515 libuit
479 2430 799 2517 Lombardorum,
842 2430 941 2513 Nam
967 2431 1117 2535 quando
1143 2455 1201 2511 re·
1240 2432 1326 2510 beat
1344 2428 1424 2509 elle.
1465 2429 1591 2511 Multo
1611 2434 1732 2511 minus
1744 2428 1951 2531 seculorum
1969 2428 2005 2507 se
2025 2428 2092 2507 de·

352 2550 470 2646 peries
493 2543 674 2647 fignatuur
702 2542 820 2631 illud,
850 2542 953 2647 quod
981 2541 1125 2621 deficiet
1153 2544 1199 2621 ti.
1239 2544 1300 2623 bet
1326 2564 1413 2623 curn
1441 2566 1483 2620 ea
1512 2543 1706 2645 copulare,
1738 2543 1842 2645 quod
1869 2564 1948 2623 uox
1986 2543 2092 2620 rnor-

353 2658 414 2747 bi,
437 2660 475 2735 in
511 2656 577 2735 illu
612 2654 706 2737 solio
735 2655 884 2743 debebis
921 2656 1079 2756 reperire
1115 2652 1200 2741 luri·
1238 2669 1300 2734 tua
1314 2654 1384 2756 eii,
1416 2654 1608 2757 quousque
1630 2677 1700 2734 nos
1723 2650 1897 2755 pulhnuns
1918 2676 2000 2733 earn
2031 2654 2091 2732 iu-

354 2784 460 2871 ptnm
475 2786 492 2857 ,·
517 2770 556 2855 iu
591 2790 669 2869 quo
707 2764 800 2846 folio
835 2764 981 2844 debebis
1016 2766 1199 2867 reperires
1241 2764 1362 2846 dicare
1374 2820 1397 2869 ,2
1425 2767 1529 2851 cuius
1563 2768 1644 2846 toni
1677 2764 1806 2846 debeat
1848 2759 1936 2848 elle:
1982 2760 2090 2867 quod

353 2880 392 2959 dr
425 2894 516 2957 tuno
548 2877 714 2959 audaiier
748 2876 872 2956 volves
908 2876 954 2955 ad
985 2874 1099 2964 illud,
1131 2899 1200 2956 nec
1240 2900 1310 2955 nos
1348 2898 1426 2953 nou
1469 2873 1655 2979 pollumus
1696 2875 1856 2959 iudicare
1893 2896 1961 2976 per
1999 2874 2091 2962 ulio

352 2992 528 3072 ruborem
557 2988 604 3070 de
633 2990 812 3094 imperitia·
841 2986 1023 3070 nesciendi
1052 2984 1209 3068 volvere
1241 2987 1407 3091 puniiur.
1455 2983 1549 3071 acce
1573 2980 1767 3087 Nurinitus
1793 2998 1859 3066 tuo
1888 2984 1961 3071 Dei
1981 2988 2092 3084 geni.

354 3106 509 3207 patieris
994 3203 995 3208 Ν
1168 3093 1171 3098 ’
1238 3101 1321 3182 irin
1337 3101 1455 3194 uirgo,
1502 3096 1682 3196 Arguebat
1699 3095 1881 3180 neroum
1900 3095 2090 3186 Iohannes,

411 3212 504 3293 lrenr
529 3211 734 3300 videamur,
756 3224 881 3291 utrurn
901 3211 1084 3312 inprimo
1103 3231 1200 3310 pun·
1240 3212 1303 3301 uix
1338 3206 1526 3312 poliemus
1561 3209 1743 3301 iudicare,
1773 3212 1877 3292 cuius
1910 3211 1993 3296 toni
2025 3209 2093 3291 de·

302 3415 304 3420 Ι
354 3323 439 3412 ilo,
470 3325 580 3402 tertio
604 3317 663 3400 uel
685 3334 819 3425 quarto
841 3321 1036 3402 'cuiuslibet
1053 3321 1200 3424 princi·
1242 3321 1325 3411 beat
1349 3316 1429 3412 else,

354 3437 407 3539 pil
432 3433 634 3538 antiphona
660 3450 809 3534 regatur
833 3455 898 3534 per
912 3429 1138 3530 seculorum,
1162 3431 1200 3508 &
1508 3429 1652 3510 Creon
1675 3426 1816 3518 xvlrr

356 3549 393 3625 iu
415 3569 493 3648 quo
510 3539 855 3648 puulioseeulurum
872 3543 986 3621 sumat
1005 3543 1096 3618 vites
1114 3563 1201 3619 cum

355 3659 578 3757 antiphona,
598 3657 639 3734 ἀ
659 3671 762 3758 regat
778 3653 997 3756 principium
1024 3651 1200 3738 eiusdem,

355 3771 393 3847 dr
426 3765 675 3867 limignan,
704 3769 808 3850 cuius
844 3765 926 3844 toni
964 3763 1024 3840 elh
1071 3759 1117 3840 Et
1152 3761 1204 3838 e'st
1593 3853 1597 3859 ¹

355 3873 541 3958 iciendum
584 3877 815 3963 notabiliter,
846 3871 947 3976 qnod
983 3873 1203 3975 aliquotiens
1299 3871 1441 3964 Verum
1468 3878 1552 3980 quia
1578 3874 1725 3959 difficile
1749 3877 1800 3968 ell
1824 3874 1956 3978 all'uetu
1980 3877 2093 3967 telin·

355 4013 426 4069 nec
461 3991 500 4067 in
532 3987 714 4075 secundo,
746 4009 815 4066 nec
842 3987 880 4063 in
912 3981 1066 4100 quatio,
1098 3983 1203 4084 septi·
1244 3978 1375 4096 quere,
1396 3986 1440 4062 ad
1459 3987 1656 4085 regulas&
1675 3988 1904 4080 notabilia&
1923 3995 2095 4093 proprie„

356 4125 444 4188 nro,
476 4099 585 4178 sumit
616 4101 737 4184 vires,
764 4097 958 4197 quousque
986 4091 1084 4194 quasa
1113 4115 1204 4170 con·
1244 4109 1333 4173 tates
1365 4097 1535 4174 botlenus
1569 4099 1797 4189 observatas,
1836 4101 1895 4178 vel
1922 4099 2095 4198 'dehuil'sq

355 4213 445 4299 liet,
481 4211 518 4288 dr
558 4207 664 4295 iaciat
703 4207 948 4307 apparentiam
987 4203 1201 4304 antiphona,
1245 4203 1439 4295 observalie
1460 4210 1689 4307 procedatur.
1737 4209 1782 4289 Et
1803 4215 1927 4313 prirno
1948 4215 1995 4291 ud
2017 4218 2096 4314 pri,

356 4323 462 4402 cuins
495 4323 576 4398 toni
609 4318 766 4395 intendit
794 4311 888 4394 elie:
919 4314 957 4391 dr
990 4327 1080 4392 tunc
1105 4311 1202 4389 malo
1245 4339 1304 4392 rna
1334 4316 1411 4393 duo
1434 4317 1658 4414 siculorum,
1690 4345 1772 4423 quq
1799 4324 1876 4402 dno
1909 4349 1980 4425 pro
2013 4349 2094 4404 uno

354 4433 472 4522 velle,
502 4429 713 4534 antiphona
722 4423 925 4522 seculorum
944 4423 1091 4524 copulat
1111 4423 1144 4500 la
1164 4424 1202 4498 dr
1244 4421 1422 4529 quantum
1449 4430 1495 4508 ad
1523 4453 1637 4521 omne
1665 4437 1831 4538 regimen
1859 4452 2094 4536 reputantur,

356 4541 577 4628 confirmat,
608 4537 858 4638 antiphonam.
878 4533 948 4615 stre
980 4536 1083 4611 illum
1120 4557 1204 4610 can·
1224 4541 1455 4626 ueniamus,
1486 4541 1558 4640 ipsa
1585 4545 1720 4622 iterum
1747 4543 1821 4623 hoc
1845 4547 1884 4625 ln
1902 4542 2011 4628 ‘libro
2037 4573 2096 4628 ru·

356 4669 437 4737 turn
468 4653 561 4730 illius
588 4651 669 4728 toni
701 4645 794 4734 elle,
825 4647 885 4726 cui
904 4639 1107 4743 seculorum
1134 4643 1205 4720 ler-
1243 4647 1444 4735 sumendo,
1476 4669 1517 4728 ut
1540 4650 1671 4734 clarius
1694 4657 1824 4734 ueritas
1848 4656 1964 4738 oculo
1983 4659 2030 4739 ad
2050 4683 2083 4740 o

356 4771 419 4846 uit.
444 4761 564 4860 Quod
578 4759 710 4863 probo.
737 4757 876 4837 Nonne
891 4753 1091 4856 antiphona
1108 4755 1206 4832 oila-
1244 4758 1369 4840 onlnm
1395 4759 1579 4839 elucescat.

358 4879 493 4957 vitoni
515 4871 737 4974 aliquotiens
762 4865 891 4968 incipit
910 4869 948 4959 in
972 4863 1017 4946 C.
1042 4868 1202 4968 primunr
1300 4865 1362 4947 De
1381 4873 1561 4973 regimine
1580 4874 1792 4977 primorum
1812 4875 1976 4960 duorum
1990 4877 2091 4983 storr-

355 4988 404 5070 de
425 4985 566 5092 palata.
596 4999 658 5064 ut:
688 5001 752 5060 nur
774 4979 836 5081 pru·
855 4975 1049 5067 vivimus,
1073 4977 1111 5056 dr
1127 4979 1205 5081 pri·
1243 4976 1373 5057 lorum

1272 3603 1330 3688 De
1349 3615 1484 3684 nutura
1510 3601 1558 3693 id
1576 3608 1799 3702 proprietate
1819 3605 2063 3706 quorumlibet

1536 3739 1789 3797 securorum.

1922 5101 2037 5186 Seou-
