4750 6025
384 560 506 676 230
635 646 643 678 „
937 506 1320 641 ronuuusnn
1366 550 1561 640 nunes-

887 818 889 821 .
1041 730 1213 816 Metram
1237 733 1285 844 3de
1315 732 1449 815 Eodem.

656 849 770 934 Ditto
787 846 888 951 *quid
915 859 1028 941 tuone
1047 848 1129 956 est'.
1162 846 1403 951 &tinorsum
1432 844 1543 951 pofflt
1569 848 1686 938 abite,

658 963 800 1047 Cantor
827 960 947 1044 adhuc
975 959 1044 1040 alia
1073 958 1209 1061 sapiens
1236 960 1345 1039 debet
1374 962 1439 1040 tria
1468 959 1567 1039 scire

659 1075 765 1178 Quid
789 1089 916 1177 tropus
931 1066 1003 1153 =aut
1026 1086 1135 1152 tenor
1157 1072 1229 1161 est,
1260 1071 1349 1178 quid
1371 1072 1484 1152 cauda
1506 1068 1693 1152 novissirna
1716 1071 1854 1167 noscit,

658 1188 830 1269 Diuidat:
860 1190 1091 1289 equivocum
1115 1183 1257 1274 videat,
1288 1184 1391 1287 quod
1419 1182 1561 1286 musica·
1578 1184 1704 1286 poscit.

564 1300 565 1303 ‘
660 1300 703 1383 ln
719 1313 839 1380 cantu
866 1316 997 1400 tropus
1025 1297 1076 1377 est
1101 1298 1202 1375 vocis
1228 1294 1419 1378 conretfio
1445 1298 1633 1401 quadam.

660 1412 848 1493 intentum
875 1409 986 1490 finem
1013 1433 1084 1512 qua
1111 1422 1259 1488 cantum
1286 1426 1437 1510 tangere
1462 1410 1618 1489 credam.
1666 1426 1670 1431 ·

660 1525 775 1605 Nunc
797 1527 896 1626 prius
919 1526 1108 1610 exoritur,
1139 1544 1257 1623 prope
1281 1520 1391 1601 finem
1417 1545 1517 1602 nuuc
1540 1521 1647 1602 habet
1670 1534 1817 1616 ortum,

661 1636 748 1717 Hoc
775 1636 955 1713 mediante
980 1634 1070 1713 solet
1096 1631 1159 1712 fibi
1186 1648 1314 1715 cantus
1341 1657 1502 1737 querere
1527 1652 1690 1737 portum.

661 1747 844 1829 Posterior
871 1766 999 1849 tropus
1025 1748 1085 1839 hic
1110 1744 1223 1825 finalis
1252 1770 1385 1826 neuma
1414 1746 1564 1836 sciatur,

663 1860 759 1959 Quae
787 1862 951 1961 predicta
979 1864 1059 1939 toni
1085 1857 1147 1937 fibi
1174 1863 1325 1962 inepto
1351 1858 1421 1937 fine
1449 1861 1618 1939 lucratur.

663 1973 860 2077 Quidquid
887 1972 1078 2076 praecedit,
1109 1970 1212 2079 quod
1239 1973 1384 2075 pristina
1408 1973 1572 2075 pondera
1600 1985 1743 2075 portet,

661 2086 766 2167 Dum
791 2103 921 2189 tropus
946 2084 1107 2173 accedit,
1139 2100 1269 2188 tropon
1297 2084 1335 2161 dr
1360 2083 1447 2164 dare
1472 2089 1608 2165 nomen
1636 2096 1796 2186 oportet.

662 2196 875 2278 Verborum
901 2212 1009 2277 tenor
1035 2197 1111 2287 est,
1143 2220 1278 2277 vocum
1306 2212 1418 2276 tenor.
1442 2194 1512 2275 esse
1537 2198 1706 2290 docetur,

663 2309 761 2391 intra
788 2335 864 2390 rara
890 2313 971 2389 toni
993 2325 1120 2390 cautus
1149 2334 1215 2415 per
1240 2334 1326 2390 euna
1354 2313 1539 2391 retinetur.

663 2422 786 2502 Secula
813 2424 900 2502 daut
926 2422 977 2502 ilii
1005 2439 1167 2511 nomeu,
1197 2420 1223 2499 ii
1250 2445 1355 2502 nunc.
1375 2426 1540 2523 genitivo

665 2539 777 2615 Aaron
803 2538 998 2637 iungatur,
1029 2534 1089 2614 sed
1115 2534 1287 2614 eumdem
1317 2537 1477 2614 carmine
1504 2536 1621 2639 privo.

664 2650 801 2751 Saepius
827 2647 904 2727 haec
931 2646 1077 2751 reliquis
1103 2659 1178 2726 vox
1204 2648 1257 2727 est
1279 2649 1439 2728 cantorie
1464 2650 1503 2725 in
1528 2670 1620 2748 ore;

664 2759 787 2842 Debet
815 2762 851 2838 dr
880 2783 972 2860 ergo
991 2759 1069 2839 wfrui
1095 2760 1188 2839 bene
1215 2758 1511 2865 nominie-huiua
1537 2761 1694 2841 honore.

662 2871 754 2956 Fine
777 2875 877 2975 prior
903 2888 1032 2975 tropus
1058 2872 1131 2963 est,
1148 2870 1343 2973 -finemqne
1364 2883 1473 2952 teuor
1495 2876 1702 2972 comitatur.

666 2987 854 3088 Approbat
881 2983 954 3087 ipse
979 2999 1110 3084 tonum
1137 2982 1237 3088 quafi
1262 2983 1468 3086 legitimum
1497 2999 1669 3093 teneatur.

665 3099 809 3202 Cuique
840 3118 933 3195 touo
961 3099 1130 3200 proprius
1157 3113 1291 3198 tropus
1320 3114 1430 3203 atque
1457 3115 1564 3177 tenor
1589 3099 1794 3194 tribuatur;

601 3301 605 3312 ⁴
665 3211 888 3312 caudaque,
918 3208 1030 3287 finalis
1058 3209 1284 3299 modulatio,
1317 3215 1383 3290 rite
1409 3210 1583 3314 sequatur.

665 3323 756 3405 Non
787 3328 920 3424 pungit
950 3334 1047 3401 retro
1075 3321 1210 3402 fallaci}
1239 3326 1406 3403 acumine
1430 3325 1505 3403 teli.

666 3431 861 3537 Quidquid
889 3450 971 3533 agat
989 3431 1146 3524 corato,
1177 3459 1258 3538 quae
1284 3452 1385 3516 retro
1412 3435 1526 3515 fidelis
1553 3438 1691 3517 amictu

664 3548 838 3628 Inventus
865 3548 994 3634 suerit,
1028 3571 1104 3625 non
1131 3549 1181 3626 est
1201 3548 1382 3652 dicendus
1406 3551 1563 3653 iniquus.

665 3660 791 3739 Cauda
818 3659 952 3735 uratum
977 3661 1201 3761 quandoque
1227 3677 1353 3750 uorat.
1369 3732 1371 3736 .
1386 3661 1519 3741 fraudis
1540 3679 1692 3767 quoque
1715 3661 1882 3761 cladem3

663 3770 784 3858 Pavo,
816 3794 930 3871 capo,
962 3773 1122 3852 volucris
1149 3796 1258 3874 rapax
1285 3789 1436 3853 ornatur
1462 3777 1598 3855 eadem.
1705 3837 1708 3842 .

664 3883 724 3963 Sic
750 3883 790 3961 fit
817 3886 852 3960 in
880 3899 1011 3970 cantu.
1044 3887 1126 3985 quia
1156 3885 1267 3964 nescit
1292 3888 1406 3966 cauda
1432 3912 1586 3977 nocere,

663 3994 776 4076 Hunc
800 3998 955 4096 probat,
987 3994 1087 4074 hunc
1112 4013 1245 4094 ornat3
1274 3997 1322 4079 iic
1349 3998 1457 4079 debet
1482 4007 1561 4080 iure
1589 4001 1737 4103 placere.

621 4155 868 4247 Caci-aunum
900 4153 995 4236 XX.
1042 4269 1044 4272 Ι
1277 4164 1335 4250 ri,
1357 4164 1393 4240 dr
1419 4166 1601 4266 praecipue
1621 4165 1820 4243 secundum
1842 4163 1945 4267 quod
1970 4141 2126 4266 psalmus

391 4291 561 4402 Qualiter
582 4288 629 4380 &
648 4291 711 4370 uhi
733 4317 884 4371 mom
909 4292 1110 4384 inchoatur,
1132 4289 1180 4380 εξ
1196 4295 1237 4372 de
1259 4275 1398 4352 debet.
1445 4275 1642 4355 Psalmodia
1664 4282 1760 4354 enim
1787 4276 1932 4356 ecclesia
1952 4279 2124 4382 frequen-

458 4406 663 4486 bemitunr’it
688 4401 734 4496 Ed
756 4403 967 4503 differentiis
990 4418 1166 4483 tonorum.
1278 4385 1406 4465 tiffiffle
1428 4389 1629 4479 deb‘t‘utfs
1665 4389 1797 4468 &¹¹⁰⁶
1818 4393 1868 4470 ‘st
1890 4392 2116 4493 iuvestigafssr
2261 4427 2263 4429 ’

1269 4499 2121 4604 >qualiterpsalmussecundumtenoremuniue·

1091 4659 1154 4759 qui
1183 4659 1233 4737 est
1275 4624 1455 4716 cunisque
1477 4618 1557 4692 toni
1582 4615 1709 4721 habeat
1733 4616 1925 4696 modulari,

447 4543 545 4624 Cum
563 4561 671 4621 tenor
682 4541 874 4624 cuiuslibet
891 4545 983 4632 roni,
1000 4549 1062 4645 qui
1077 4519 1234 4642 estsecu-

387 4656 507 4734 lorum
529 4677 661 4744 umen,
692 4652 734 4733 stt
763 4653 842 4733 finis
872 4652 1057 4743 verficuli.

391 4766 520 4845 Gloria
536 4769 669 4867 potri5
696 4790 743 4845 ex
768 4768 942 4868 predictis
967 4784 1085 4870 patet,
1117 4772 1234 4873 quali·
1331 4774 1529 4886 Sciendum
1546 4779 1599 4857 est
1619 4802 1731 4880 ergo.
1752 4777 1880 4859 Gloria
1894 4781 2123 4882 primiquin·

388 4897 442 4958 ter
465 4879 588 4959 finitur
608 4879 798 4981 praedidus
819 4877 1019 4960 versiculus.
1051 4880 1160 4960 Unde
1177 4906 1232 4962 er·
1273 4889 1301 4964 ti
1324 4888 1362 4965 dc
1383 4887 1472 4967 sexti
1496 4893 1625 4993 incipit
1642 4893 1681 4969 in
1705 4891 1740 4970 F.
1751 4888 1811 4991 fa,
1830 4895 1890 4982 ut,
1918 4891 2064 4972 secundi
2082 4896 2121 4971 in

377 5016 439 5104 ,go
460 4990 657 5071 ridendum
679 4991 750 5080 est,
774 4991 930 5097 qualiter
952 4994 1061 5073 debet
1082 4994 1231 5075 inchoa·
1274 4997 1317 5080 C.
1342 5006 1469 5104 gravi.
1499 5007 1619 5109 quarti
1651 5005 1690 5084 in
1718 5002 1758 5086 u
1782 5011 1885 5112 gravi
1898 5030 1912 5104 3
1950 5010 2047 5089 tertii
2081 5008 2121 5087 dt

1966 5120 2063 5211 oda·
