4750 6025
749 529 992 630 rrustou
1031 532 1488 650 rotrocum-m.
1652 491 1709 633 J
1862 523 1983 667 369·

263 768 267 776 -
308 717 408 804 Paria
432 723 579 822 uumerl
603 731 677 806 treo
700 711 783 808 suut
811 723 956 830 speciei.
1000 721 1097 808 Parl-
1195 699 1264 809 Per
1279 727 1316 809 se
1327 729 1467 832 primur
1490 724 1548 809 rel
1567 724 1746 809 secundos
1759 726 1828 817 est,
1847 733 1912 832 qui
1927 754 1985 809 re·

250 843 309 914 ter
334 859 400 940 pur
417 833 492 940 ista
522 837 588 944 qui
612 839 736 943 potest
758 842 798 920 iu
822 839 900 922 duo
921 839 1020 944 potia
1042 839 1098 920 di·
1138 838 1230 945 cipit
1241 839 1395 923 ulterior
1419 839 1664 950 meuliooem,
1687 833 1852 920 ied'cum
1872 840 1984 938 merit

251 945 353 1037 ridi.
381 951 560 1054 cuiusque
589 974 671 1055 porr
705 951 743 1032 io
774 949 840 1033 alia
873 951 952 1044 duo
987 955 1094 1057 potia.
1137 953 1184 1033 ad
1200 953 1314 1038 alium
1325 954 1487 1057 eiusdem
1503 955 1645 1058 generis
1665 956 1860 1034 numerum
1877 973 1982 1032 oom-
2043 981 2046 984 ·

249 1061 436 1166 partisque
457 1061 541 1164 poro
576 1065 614 1142 iu
641 1063 709 1144 'alio
733 1063 812 1146 duo
836 1065 955 1168 paria.
985 1063 1098 1168 usque
1136 1060 1305 1168 paratum
1335 1065 1433 1148 nulla
1449 1057 1536 1148 'cum
1557 1089 1605 1146 eo
1626 1059 1819 1145 communi
1838 1062 1982 1145 meoso-

250 1169 377 1253 divilio
403 1177 561 1276 portiom
584 1175 631 1254 arl
653 1175 903 1258 iudiriibilem
927 1177 1098 1276 naturali·
1136 1201 1176 1257 ra
1199 1181 1453 1282 coniungitur,
1484 1179 1553 1283 nec
1576 1177 1763 1286 habebunt
1787 1191 1907 1280 portea
1934 1198 1982 1256 ae·

249 1298 307 1365 ter
335 1287 522 1386 perveniat
549 1289 751 1383 unitatem.
786 1302 830 1372 ut
855 1290 893 1370 lu
918 1289 1095 1395 dupla&
1137 1293 1311 1396 quirooor
1335 1314 1372 1384 9·
1388 1290 1433 1372 ad
1452 1293 1732 1398 orgcomparati
1753 1290 1799 1369 ad
1825 1289 1858 1367 se
1888 1290 1994 1375 invi«

249 1393 463 1516 quadrupla
835 1403 838 1408 ’
1135 1403 1343 1507 comprimi
1363 1401 1978 1507 incompositi,scilicetrationeu·

305 1555 445 1641 pariter
465 1560 585 1666 impar
606 1561 658 1642 est
710 1562 775 1667 qui
800 1561 961 1666 paritatis
989 1578 1095 1648 mtu-
1136 1517 1284 1606 uitatis'‚
1325 1515 1385 1595 sed
1419 1540 1496 1597 oon
1527 1519 1712 1619 partium,
1758 1513 1907 1594 secundi
1937 1513 1977 1591 &

249 1693 327 1752 mm
364 1617 837 1777 snbstanfflmque'pom
862 1676 934 1766 est,
964 1655 1024 1758 sea
1053 1679 1094 1756 in
1136 1625 1331 1760 compuliti
1353 1627 1464 1729 luotq
1488 1639 1647 1732 nomque
1666 1648 1704 1719 9.
1726 1629 1762 1706 io
1781 1629 1885 1707 tertia
1907 1639 1977 1716 ter·
2101 1645 2106 1654 ‘

248 1785 477 1864 contrarium
506 1777 681 1866 divilione
707 1789 851 1867 numeri
878 1789 1011 1890 pariter
1030 1763 1093 1891 pu-
1135 1741 1237 1820 &¹⁰
1261 1760 1326 1837 ²5·
1348 1765 1429 1821 ¹¹⁰⁰
1448 1741 1524 1832 ‘st’
1551 1742 1590 1821 ἃ
1606 1737 1832 1820 ‘mmm‘

248 1897 279 1974 ri
293 1897 522 1999 opponitu13
549 1921 634 1976 oum
654 1921 725 1999 qua
745 1922 810 2001 par
832 1899 897 1990 est,
913 1902 952 1979 io
972 1919 1091 2004 parter
1434 1899 1578 1984 Calor
1607 1899 1672 1983 111.
1709 1961 1712 1966 -

248 2005 404 2112 aquales
434 2010 563 2110 recipit
593 2009 810 2102 sectionem,
845 2026 963 2116 parter
1001 2035 1091 2095 reto
1156 2044 1160 2052 ·
1189 2009 1326 2096 Omnis
1352 2015 1474 2120 itaque
1500 2037 1674 2095 numeror
1700 2008 1757 2092 vel
1775 2007 1975 2114 proportio

247 2123 326 2202 eiua
348 2118 552 2208 insecabiles
574 2121 657 2204 luot
681 2134 717 2202 6.
748 2145 810 2202 10.
837 2144 899 2220 14
927 2131 990 2215 ιε.
1131 2123 1358 2231 ἰηηιιίηςιιε
1386 2128 1581 2229 generibus
1608 2125 1819 2213 ordinator,
1852 2121 1909 2200 rel
1936 2123 1976 2200 iu

756 2243 759 2250 '
817 2239 819 2242 ’
1131 2259 1268 2341 genere
1303 2239 1520 2343 multiplici,
1562 2233 1619 2319 ¹rel
1649 2232 1976 2339 superparticulari.

1131 2363 1194 2429 aut
1214 2348 1515 2456 superpartienti.
1545 2365 1608 2431 oot
1632 2347 1826 2451 multiplici
1853 2345 1976 2453 strper-⁸

246 2521 361 2600 dividi
383 2523 525 2626 potest:
556 2525 594 2602 ἀ
617 2526 724 2604 etiam
751 2523 946 2630 aliquando
954 2537 1089 2630 partes
1130 2462 1446 2658 ffarrtffitgafpgl
1468 2457 1973 2670 :mletffiligcsffipgffgeiffiss

245 2636 405 2768 palium
437 2633 678 2770 dividuntlf’
708 2635 878 2772 [θάψ’
894 2637 1017 2771 ‚usquf
1035 2639 1089 2771 ,ad
1130 2685 1233 2789 quod
1247 2679 1356 2790 primi
1368 2702 1470 2792 porte
1484 2687 1624 2790 superat
1638 2684 1779 2766 medius'
1797 2684 1972 2784 primum,

245 2760 424 2878 ulam
440 2748 679 2850 pmg‘edw
694 2749 876 2854 ²q¹¹³b¹l⁸⁸
892 2749 951 2833 ¹¹¹⁸
966 2751 1090 2874 dmm?
1131 2799 1169 2876 ἀ
1187 2799 1312 2883 eadem
1334 2815 1495 2880 extrema
1516 2812 1617 2902 parte
1635 2797 1819 2901 superator
1833 2791 1974 2872 medius

242 2859 318 2942 ἀπ’
344 2877 405 2956 ²4
427 2871 492 2950 ²⁸·
565 2939 569 2946 ·
1129 2911 1174 2988 ab
1190 2926 1381 3002 extremo,
1412 2927 1541 3015 utputa
1558 2922 1594 2988 6.
1619 2911 1656 2986 δι
1676 2921 1711 2996 8.
1730 2907 1869 2986 duabus
1890 2918 1972 3006 par·

296 3020 453 3124 imparis
467 3025 612 3103 numeri
629 3038 702 3121 tres
717 3024 800 3106 suot
819 3022 965 3129 species.
1009 3024 1087 3105 Pri·
1130 3025 1228 3102 tibm
1244 3024 1439 3125 superant,
1470 3047 1551 3127 qua
1571 3021 1649 3101 dua
1663 3018 1784 3124 partes
1802 3019 1883 3097 suot
1900 3040 1972 3095 rer·

244 3158 327 3217 mur
346 3132 611 3237 incompolituo
630 3138 703 3227 eil,
732 3139 796 3241 qui
816 3138 952 3220 nullam
979 3136 1084 3216 oliam
1128 3138 1175 3213 tit
1196 3137 1320 3215 senarii
1338 3160 1440 3237 pore,
1461 3134 1579 3217 media
1601 3126 1972 3234 parteotiaro.s1cut

246 3258 387 3350 purtem
403 3242 532 3338 hob'et,
563 3246 629 3327 oili
646 3270 751 3339 eam.
783 3272 863 3353 quo
883 3276 902 3331 a
919 3264 998 3331 tota
1019 3274 1086 3331 uu·
1126 3260 1286 3349 quatuor
1307 3246 1495 3350 superatur
1515 3248 1561 3325 ob
1588 3244 1713 3325 ultima
1738 3257 1858 3346 parte,
1889 3262 1971 3344 quae

303 2294 494 2400 Impariter
514 2317 580 2403 par
600 2297 675 2409 est,
705 2301 770 2404 qui
791 2297 963 2388 dividitur
983 2302 1021 2381 iu
1044 2324 1092 2381 ω-

246 2431 337 2513 quoe
352 2421 493 2512 parter,
513 2413 693 2516 cuiusque
712 2433 794 2516 pars
810 2414 849 2490 in
870 2413 953 2494 eliae
969 2437 1090 2518 aquae

103 3442 108 3457 ,
243 3362 335 3439 meri
360 3360 561 3461 quantitate
585 3358 819 3441 denominata
845 3356 912 3455 iit,
929 3377 985 3467 ut
1013 3360 1086 3465 ipu
1127 3354 1178 3437 eo
1194 3358 1530 3451 duodecim,cuiua
1553 3360 1659 3437 tertia
1673 3378 1755 3472 para
1777 3350 1859 3435 lunt
1881 3376 1971 3457 qua·

242 3494 326 3577 para
345 3495 424 3549 noo
444 3468 486 3550 iit
509 3468 573 3549 uili
596 3473 738 3565 ouitor,
768 3486 810 3557 ut
838 3492 873 3566 3·
895 3495 928 3569 5·
961 3493 1086 3570 213.
1127 3482 1225 3550 tuor.
1374 3516 1378 3523 ·

247 3603 310 3679 17.
336 3602 397 3675 19.
429 3601 494 3675 23.
516 3600 660 3675 29.·31.
691 3582 840 3665 Dicitur
863 3600 985 3665 autem
1014 3589 1088 3693 pri·
1184 3581 1386 3690 Propertio
1406 3586 1530 3688 primu
1552 3582 1602 3662 est
1622 3576 1784 3683 duplexz
1813 3581 1971 3657 rationa-

243 3719 327 3776 mua
357 3692 658 3799 incompoiituo,
713 3699 798 3798 quia
833 3697 958 3778 nullus
1000 3723 1084 3779 eum
1125 3694 1170 3776 lio
1192 3699 1264 3787 est,
1292 3722 1373 3803 quae
1392 3698 1477 3777 lacit
1501 3695 1806 3781 consonantiam,
1838 3706 1877 3770 ot
1901 3691 1970 3770 du·

243 3828 419 3888 uumerus
455 3800 627 3888 metiatur
668 3822 799 3910 praeter
836 3802 954 3900 iulum
995 3833 1086 3891 cou-
1126 3806 1211 3913 pla,
1241 3810 1491 3914 sesquialtero,
1522 3806 1751 3910 quadrupla3
1783 3804 1972 3882 irrationa-

244 3919 400 4001 iuntloo
596 4022 603 4027 .
925 3954 928 3959 ·
1123 3920 1168 3999 lis
1184 3923 1235 4001 est
1250 3926 1450 4026 proportio
1467 3921 1541 4000 line
1560 3917 1741 4006 melodia,
1774 3916 1811 3995 &
1833 3917 1883 3994 ibi
1904 3934 1968 3993 ex-

298 4028 487 4111 Secuudur
507 4026 732 4133 compulima
755 4030 827 4139 est.
858 4032 921 4135 qui
950 4030 1084 4113 oollam
1126 4032 1288 4115 cluditur
1309 4037 1482 4139 medietas
1504 4036 1596 4112 toni.

242 4146 376 4229 retinet
416 4140 455 4221 iu
495 4140 532 4221 st
569 4142 798 4243 substantiam
833 4145 1083 4247 principalem.
1182 4142 1382 4249 Proportio
1401 4146 1563 4226 secuudo
1586 4144 1637 4225 est
1654 4141 1804 4247 duplex.
1834 4136 1969 4243 AEqua·

242 4248 542 4359 compofitu'oqoe
554 4255 605 4335 all
619 4277 665 4335 ex
681 4255 757 4335 aliia
771 4258 946 4346 numeris,
961 4258 1086 4338 habet·
1124 4256 1207 4337 litor
1227 4260 1278 4338 eil
1299 4259 1453 4339 duarum
1477 4257 1691 4363 qualitatum
1707 4253 1903 4356 equalium
1922 4252 1967 4330 ad

241 4392 316 4472 que
332 4382 486 4469 partera
503 4367 615 4472 seipso
638 4368 678 4447 &
692 4368 812 4447 alieno
831 4369 1084 4449 denominatae
1125 4372 1286 4449 invicem
1302 4364 1499 4460 habitudo,
1521 4370 1558 4449 ἃ
1577 4392 1657 4448 uon
1676 4367 1857 4446 dividitur.
1904 4363 1967 4443 lo·

241 4478 445 4571 vocabulo.
466 4479 526 4562 led
549 4482 587 4560 iu
611 4494 752 4585 portea
777 4480 892 4583 seipso
916 4480 1085 4561 denomi·
1125 4483 1306 4587 aequalitaa
1326 4484 1377 4562 est
1396 4483 1551 4564 duarum
1570 4479 1780 4583 qualitatum
1808 4475 1966 4580 ioaequa-

242 4608 325 4673 nata
341 4592 481 4695 semper
495 4594 564 4673 etit
577 4598 713 4674 unitas:
731 4614 768 4685 9.
787 4614 847 4687 ις.
862 4612 924 4673 21.
937 4601 1001 4688 2'5.
1017 4613 1081 4689 27.
1124 4592 1215 4673 lium
1234 4581 1283 4674 'ao
1303 4597 1460 4675 invicem
1480 4588 1683 4675 habitudo:
1713 4591 1860 4670 maioris
1881 4588 1968 4667 iuae·

241 4702 391 4789 Dicitur
404 4718 527 4786 autem
546 4728 611 4808 per
627 4708 662 4786 le
678 4705 878 4797 secundus,
905 4707 989 4808 quia
1005 4730 1083 4785 oou
1123 4704 1306 4810 qualitatia
1332 4708 1382 4789 eil
1409 4706 1590 4788 habitudo
1612 4702 1789 4809 qualitatis
1816 4702 1966 4779 maioris

242 4816 315 4899 fou
336 4820 475 4907 onitate
497 4820 669 4913 metitur,
701 4816 888 4899 sedetiam
914 4818 986 4898 alio
1014 4842 1083 4900 nu·
1123 4819 1169 4898 ad
1203 4820 1411 4901 minoremr
1455 4820 1609 4908 minoris
1637 4816 1886 4919 iuaequalitotie
1914 4814 1965 4894 eil

241 4952 370 5021 mero,
400 4953 422 5010 a
447 4954 524 5036 quo
551 4930 769 5034 coniunctus
793 4930 854 5011 eli
1123 4931 1301 5021 hebitudo
1315 4931 1494 5040 qualitatis
1514 4933 1692 5012 brevioris
1711 4928 1757 5011 ed
1773 4929 1963 5008 maiorem

292 5086 915 5186 senmourmaoeulaoca
944 5088 1063 5178 ullu
1395 5092 1507 5182 aaa
1796 5072 1909 5187 ¹Pro-
