4750 6025
660 515 1061 611 LUCIDRRIUM
1098 517 1342 610 MUSICAE
1376 520 1603 609 PLANAE·
1883 529 1996 643 11⁷3

327 699 455 804 Qum
480 715 601 788 tutent
631 699 679 786 fic
715 704 913 796 iorn'utun
945 705 983 785 δι
1016 713 1115 810 quo'-
1154 729 1180 784 u
1197 701 1272 784 &b
1291 708 1414 808 primo
1432 719 1562 797 acuto,
1582 705 1670 787 licet
1689 729 1766 788 uon
1787 704 1857 789 fint
1872 707 1998 790 inuio

270 819 401 897 modo·
417 821 552 898 moturi
587 817 716 898 debeat
741 839 805 919 per
841 815 1110 908 brotuuduur,
1153 819 1374 898 ineuntibus
1388 816 1574 918 Gregorii
1604 817 1756 899 Poffunt
1771 824 1847 902 eius
1863 821 1999 922 species

266 949 314 1008 un
348 953 413 1031 per
443 919 466 1034 ὴ
492 930 700 1032 quadrum,
746 932 840 1008 ratio
876 931 1002 1010 eedem
1045 931 1109 1020 est,
1151 933 1348 1009 terminare
1371 938 1408 1008 in
1433 931 1604 1008 omnibus
1628 931 1698 1010 suis
1723 934 1929 1034 principiis,
1955 931 1995 1014 δι

264 1063 347 1144 quor
375 1040 422 1122 de
451 1041 518 1124 suo
545 1041 757 1121 authentico
788 1039 878 1120 ditia
907 1042 966 1121 eii
1151 1038 1245 1122 iuG
1262 1045 1384 1151 greci,
1403 1043 1441 1120 ἀ
1458 1045 1496 1120 in
1512 1065 1554 1132 n.
1574 1038 1756 1145 iprimo,
1777 1043 1816 1122 ie
1835 1065 1855 1122 c
1873 1059 2002 1131 acuto.

438 1201 496 1282 De
518 1205 708 1322 principiis
722 1171 831 1304 sexti
851 1205 938 1282 toni.
1388 1201 1447 1283 De
1464 1200 1618 1304 septimo
1651 1214 1750 1284 tono.

321 1337 455 1422 Sextus
488 1355 600 1420 tonus
637 1339 746 1419 hebet
780 1341 956 1442 principia
987 1337 1108 1420 ufitetu
1207 1339 1392 1443 Septimus
1429 1353 1541 1421 tonus
1574 1339 1754 1420 formetur
1784 1363 1832 1422 ex
1866 1354 1996 1444 quarte

265 1455 353 1542 triu,
373 1451 507 1532 scilicet
529 1451 563 1534 C
585 1448 626 1531 D
648 1453 685 1529 δι
709 1451 738 1532 F
760 1475 885 1551 grave.
932 1449 1110 1554 Incipitur
1150 1451 1268 1554 ipecie
1312 1451 1481 1554 diapente
1490 1504 1505 1542 -.
1547 1476 1629 1555 quae
1666 1453 1801 1534 sursum
1838 1454 1994 1534 tendens

264 1580 386 1646 eutem
410 1562 449 1643 iu
473 1563 507 1647 C
529 1577 571 1644 ut
594 1561 700 1666 Resp.
717 1561 975 1642 Trudidernen
993 1567 1109 1642 mein
1150 1565 1325 1665 incipitur
1349 1567 1387 1642 iu
1414 1562 1451 1644 G
1476 1567 1601 1665 gravi,
1634 1565 1672 1642 ic
1698 1588 1746 1645 ex
1771 1566 1887 1668 prime
1916 1564 1994 1667 spe·

262 1675 437 1757 munins.
483 1675 525 1756 ln
548 1673 586 1756 D
610 1689 652 1756 ut
672 1677 865 1754 introitus:
897 1670 1107 1755 Sacerdotes.
1151 1677 1207 1754 cie
1241 1672 1464 1754 diatefferou.
1486 1676 1647 1778 superius
1684 1690 1794 1779 utque
1825 1674 1919 1754 infru
1950 1673 1995 1754 u·

263 1789 307 1871 ln
324 1788 361 1868 F.
378 1805 419 1870 ut
440 1785 544 1892 Respss
566 1784 780 1884 aspiciebam
800 1789 840 1863 in
853 1785 946 1884 visu.
987 1785 1109 1866 Potest
1149 1782 1238 1866 neor
1251 1843 1262 1876 ,
1292 1786 1535 1871 addit'otono
1557 1787 1661 1891 supra
1690 1790 1729 1868 ie
1755 1785 1861 1867 infru.
1904 1784 1993 1868 Eius

262 1906 372 1984 etiem
389 1901 519 1980 habere
539 1903 761 2002 principium
786 1900 822 1977 in
839 1895 876 1977 G
891 1901 994 1998 gravi
1013 1899 1051 1976 ie
1068 1901 1123 1976 iu.
1149 1899 1323 2002 perfeiiiu
1352 1901 1559 1990 invenitur,
1589 1915 1640 1980 ut·
1660 1900 1738 1980 hic:

319 2415 443 2498 Debet
465 2437 623 2518 nemque
645 2415 780 2494 canteri
801 2410 972 2542 septimus
993 2429 1105 2493 tonus
1148 2410 1248 2492 Puer
1268 2422 1382 2492 nnius.
1443 2412 1539 2495 lon.
1562 2429 1603 2495 ut
1626 2414 1823 2493 introitus:
1854 2409 1991 2491 Eduxit
2120 2469 2123 2473 »

262 2527 404 2662 semper
428 2550 494 2628 per
520 2517 543 2627 ξ
565 2525 767 2629 quadrum,
788 2528 895 2604 cuius
920 2529 1013 2604 ratio
1041 2525 1104 2616 est,
1147 2547 1204 2604 eor
1232 2524 1418 2619 Dominus
1468 2525 1510 2604 ln
1541 2529 1564 2623 ἢ
1593 2525 1751 2605 secundo
1780 2538 1916 2614 acuto,
1947 2537 1991 2603 ut

262 2645 361 2745 quia
375 2639 401 2718 fi
426 2663 491 2740 per
509 2635 532 2716 i
551 2635 752 2716 rotundum
774 2651 998 2726 cantaretur,
1016 2651 1107 2717 tuuc
1147 2637 1285 2737 antiph.
1313 2629 1421 2714 nixis
1443 2636 1618 2715 Dominus
1640 2635 1804 2714 Domino.
1835 2634 1926 2715 luc.
1949 2647 1992 2714 ut

262 2753 364 2836 nulle
386 2747 575 2832 effrutiirlis
597 2746 798 2827 differentia
820 2746 1048 2849 interipsum
1070 2747 1110 2826 ic
1149 2749 1286 2849 antiph.
1301 2745 1589 2845 necopinantis.
1612 2748 1651 2828 ln
1665 2746 1703 2826 ei
1721 2763 1761 2827 ut
1777 2745 1915 2849 antiph.
1935 2745 1992 2824 sn

263 2869 426 2972 primunr
445 2858 552 2956 eiset3
575 2884 658 2939 nam
678 2861 788 2944 umbo
809 2882 857 2937 ex
876 2860 1010 2938 eisdem
1032 2858 1108 2962 spe·
1148 2883 1275 2940 nomen
1291 2857 1454 2940 Domini.
1499 2857 1651 2942 Poffunt
1669 2873 1791 2939 nutem
1812 2863 1888 2938 eius
1912 2856 1991 2959 spe

263 2974 564 3077 ciebusdiupente
577 2969 839 3051 &diatefferon
851 2971 1104 3051 formarentur.
1149 2974 1222 3053 cies
1242 2970 1446 3078 terminare
1455 2974 1492 3051 in
1511 2973 1685 3053 omnibus
1700 2971 1769 3052 suis
1787 2972 1988 3075 principiis,

262 3090 439 3171 Praeterea
469 3084 628 3165 nonest
656 3084 785 3185 uliquis
813 3098 947 3171 tonus,
978 3088 1039 3164 cui
1067 3086 1106 3161 in
1149 3086 1187 3163 δι
1211 3087 1249 3163 in
1271 3085 1541 3182 rugientis.

261 3202 331 3283 suo
355 3198 496 3279 ascensu
518 3192 623 3298 poffit
642 3194 811 3297 applicari
827 3210 951 3299 quartu
974 3194 1105 3297 specior
1400 3194 1455 3274 De
1486 3197 1609 3275 niueo
1640 3206 1733 3275 tono.

262 3314 456 3419 diapente,
488 3306 553 3387 niu
575 3306 662 3389 h'uic
684 3310 721 3387 ἃ
748 3307 814 3387 suo
839 3306 1027 3408 subiugali.
1204 3304 1366 3390 Oiievus
1402 3322 1515 3389 tonus
1560 3308 1739 3390 formatur
1775 3326 1824 3386 ex
1863 3316 1998 3409 quartu

1146 3418 1265 3523 specie
1302 3420 1497 3522 diapente.
1542 3444 1624 3523 que
1660 3417 1833 3522 incipitur
1864 3421 1903 3496 in
1942 3413 1991 3496 G.

1148 3536 1278 3634 gravi,
1311 3529 1348 3609 ie
1384 3555 1433 3610 ex
1470 3536 1574 3613 tertie
1613 3532 1729 3635 speeie
1763 3521 1990 3620 diateffirou,

321 3650 507 3755 ipimus
538 3663 653 3729 tonus
683 3648 792 3727 hebet
824 3648 1001 3749 principie
1033 3642 1105 3735 sex.
1148 3668 1231 3745 quae
1260 3644 1434 3745 incipitur
1461 3647 1501 3723 in
1529 3657 1684 3722 cecuto
1717 3638 1885 3721 deorsum
1911 3654 1993 3722 ten·
2039 3728 2042 3733 ,

265 3766 401 3847 scilicet
424 3759 452 3841 F
477 3764 513 3841 n
538 3759 573 3841 G
595 3782 725 3860 grave,
749 3783 790 3848 n,
810 3752 1067 3861 piscandum.
1090 3780 1109 3835 c
1150 3758 1261 3834 dens.
1301 3779 1379 3855 quae
1416 3753 1566 3860 quidem
1604 3754 1737 3856 species
1776 3755 1895 3833 eidem
1934 3751 1993 3830 vel

263 3880 304 3957 δι
332 3878 357 3955 d
382 3890 540 3955 acutum.
601 3872 776 3971 incipitur
805 3874 903 3949 enirn
919 3868 1038 3949 inF.
1066 3882 1108 3949 ut
1150 3870 1227 3947 eius
1255 3866 1466 3946 authentico
1493 3869 1705 3947 communis
1727 3866 1796 3955 est,
1826 3866 1911 3945 licet
1934 3862 1991 3944 ie·

265 3988 431 4070 offertor.
466 3984 595 4063 Portus
611 3982 695 4061 roeii.
726 3980 834 4061 IuG.
852 3998 894 4061 ut
913 3984 1106 4128 introitus:
1149 3981 1235 4128 pius
1256 3981 1294 4056 iu
1321 3978 1399 4078 ipso
1419 3979 1550 4057 oiiavo
1574 3995 1754 4080 ponatur.
1785 3989 1828 4057 ut
1850 3977 1966 4056 hic:
2054 3995 2056 3998 ·

410 3482 467 3566 De
485 3485 676 3596 principiis
700 3480 846 3625 septimi
875 3486 963 3562 toni.

338 4482 432 4564 ltem
466 4502 512 4559 ex
543 4478 668 4560 eedem
700 4491 825 4580 quartu
860 4476 975 4579 specie
1009 4476 1248 4579 diapente&
1280 4479 1395 4578 primu
1433 4476 1550 4580 specie
1580 4475 1792 4557 diutefferon
1826 4476 1990 4569 inferius,

267 4618 351 4703 quae
377 4595 550 4694 incipitur
576 4594 613 4669 in
638 4588 680 4671 G
710 4592 812 4691 gravi
842 4588 1010 4669 deorsum
1034 4588 1210 4675 tendens,
1240 4587 1389 4691 uthis:
