4750 6025
379 473 491 596 108
888 458 1232 578 nuncunrr
1263 440 1347 576 ou
1387 485 1596 574 urouu
1728 483 1733 492 ·

370 695 439 752 nn:
468 674 508 752 in
527 669 579 754 D.
598 673 729 773 gravi.
752 683 794 754 ut
812 671 864 754 est
888 677 1061 756 introitus
1081 672 1219 754 bidui
1258 697 1322 752 ner
1345 670 1477 774 species
1503 662 1716 750 dirtefl'aron
1738 663 1779 744 tc
1797 660 1996 766 popano.
2019 675 2108 786 ηυξ

370 789 405 862 ri
431 785 633 864 Dominus:
670 784 741 864 Sed
772 787 892 890 potest
919 788 1047 890 aliquis
1073 787 1218 880 dicere:
1258 782 1377 865 eidem
1402 791 1651 885 conpetunt.
1698 774 1790 856 sicut
1812 772 1839 852 sr
1863 776 1904 852 in
1925 769 1978 850 D.
1999 789 2108 870 gem

370 922 483 998 qnare
512 920 591 976 nou
622 893 811 997 possumus
844 901 1004 1000 incipere
1032 899 1132 978 bunc
1162 899 1219 975 in-
1259 896 1473 998 incipiatur,
1493 894 1589 976 utin
1604 888 1838 996 presentibus
1856 893 1959 989 patet
1976 893 2110 962 exem·

371 1013 527 1086 troitum
550 1005 685 1085 Statuit
704 1010 741 1086 io
762 1007 809 1086 G.
827 1013 951 1109 gravi3
982 1035 1065 1088 nam
1085 1013 1133 1090 ibi
1154 1033 1220 1110 per
1259 1007 1353 1112 psit:
1947 1047 1952 1052 ·

390 1748 527 1827 iv:

375 1951 428 1977 ,,
1407 1884 1426 1888 ”
1503 1893 1790 1957 με
1916 1894 1923 1950 ς

440 2003 640 2083 Statuit
706 2005 773 2083 ei
817 2003 1024 2084 Dominus
1213 2021 1251 2086 te
1306 2007 1579 2084 [tomentum
1646 2024 1695 2106 pa
1756 2047 1775 2068 ·
1830 2046 1849 2065 ·
1902 2043 1923 2067 ·
1963 1997 2056 2074 cie.

435 2161 745 2264 Respondemus,
791 2164 894 2267 q'uod
928 2165 1005 2246 talio
1045 2179 1161 2246 tonus
1204 2190 1225 2246 a
1265 2165 1382 2268 specie
1407 2163 1597 2268 diapente,
1619 2163 1657 2241 ἀ
1679 2185 1728 2241 ex
1753 2161 1872 2263 prima
1896 2155 2016 2261 specie
2038 2153 2120 2231 dia-

378 2293 481 2378 parte
529 2272 808 2376 compositionis
852 2275 994 2355 dicetur
1037 2281 1223 2381 proprior,
1266 2275 1421 2356 tessaron
1450 2276 1640 2354 communi
1672 2273 1711 2351 de
1748 2270 1928 2350 inferius:
1976 2266 2122 2345 dicitur

377 2410 425 2464 eo
466 2385 568 2486 quod
611 2409 659 2464 ex
717 2384 901 2487 speciebus
944 2385 1013 2465 suso
1065 2391 1226 2490 propriis
1265 2391 1364 2466 eninr
1391 2388 1525 2489 species
1547 2385 1757 2466 communio
1783 2381 1843 2461 isla
1869 2383 1908 2493 in
1942 2377 2124 2482 quolibet

377 2495 421 2576 sst
449 2495 739 2578 formatusrsed
776 2497 917 2578 dicetur
953 2495 1226 2600 impropriuso
1268 2514 1472 2587 tonorum,
1502 2520 1583 2602 quc
1605 2498 1781 2598 incipitur
1809 2496 1847 2571 io
1874 2491 2009 2569 eodem
2039 2487 2125 2590 spe·

378 2623 481 2709 parte
506 2607 721 2694 locationis.
751 2607 895 2710 quirin
914 2608 1000 2688 ioco
1022 2609 1094 2688 aiio
1114 2632 1225 2713 quarn
1267 2614 1323 2688 tio
1352 2610 1412 2688 rei
1438 2609 1558 2698 bueo,
1589 2609 1653 2686 ubi
1678 2623 1795 2684 toonr
1826 2601 1887 2681 ilie
1918 2601 2125 2680 terminare

378 2723 416 2797 in
446 2722 603 2819 proprio
641 2717 854 2797 collocatur.
1267 2721 1400 2811 debet,
1435 2718 1645 2821 sursumque
1675 2717 1822 2809 tendit3
1853 2736 1937 2818 quae
1962 2711 2123 2816 quidem

438 2827 481 2908 ln
500 2825 667 2927 Egrevi,
690 2829 726 2905 dr
750 2825 824 2908 boc
839 2831 1043 2924 commixte
1065 2830 1103 2907 dr
1117 2852 1226 2919 rator
1268 2831 1399 2932 species
1422 2832 1459 2906 dr
1480 2833 1518 2909 in
1539 2829 1757 2909 authenticis
1778 2827 1819 2905 dr
1838 2827 1878 2903 in
1898 2823 2123 2928 plagalibus.

379 2943 587 3025 commixto
603 2939 777 3031 dicimus,
808 2939 982 3042 quintolo
1006 2941 1226 3043 principium
1267 2939 1353 3021 licet
1381 2940 1506 3041 saepiur
1535 2944 1573 3019 in
1601 2938 1840 3043 pinguibus„
1857 2937 1953 3042 poni
1982 2933 2121 3042 potest.

379 3050 627 3155 principaliter
644 3053 755 3129 tertio
774 3052 812 3127 dr
827 3066 958 3152 quarto
974 3054 1153 3152 competit
1168 3062 1228 3129 to·
1267 3050 1358 3133 Hoc
1373 3054 1470 3130 eninr
1488 3051 1622 3153 species
1640 3050 1665 3129 n
1685 3053 1725 3130 io
1743 3062 1858 3156 ¹crrrrtu
1877 3060 1993 3128 acuto
2005 3047 2126 3127 suerit

381 3165 449 3245 uio.
480 3160 525 3241 ln
550 3160 723 3260 Fgrari,
757 3175 799 3241 ut
824 3164 1021 3243 introitur:
1061 3158 1135 3259 Ego
1163 3184 1228 3237 uu·
1268 3164 1402 3264 pluries
1431 3158 1652 3263 repercussa,
1684 3164 1723 3240 dr
1746 3176 1874 3241 cantur
1898 3158 2016 3238 asine
2037 3180 2126 3237 nou

380 3284 454 3350 tem
474 3276 513 3347 in
533 3270 700 3349 Domino.
733 3270 777 3349 iu
798 3295 821 3346 o
840 3286 972 3361 acuto,
995 3282 1037 3348 ut
1054 3273 1228 3349 introitur
1268 3273 1359 3352 ultra
1391 3270 1530 3353 sextam
1561 3272 1749 3360 ascendat.
1788 3268 2025 3351 &similiter
2057 3270 2128 3349 de·

380 3381 602 3487 Sapientiam
637 3382 856 3458 Sannorum.
924 3378 1073 3461 Possunt
1105 3394 1227 3465 aurem
1267 3382 1433 3471 scendet,
1451 3398 1565 3463 tonur
1581 3380 1644 3462 ille
1663 3383 1886 3465 iudicabitur
1903 3380 2126 3482 subiugasie.

381 3493 519 3594 specles
536 3490 645 3591 ipsius
665 3496 702 3568 in
721 3494 906 3592 principiis
922 3494 1103 3592 propriis,
1131 3492 1169 3569 dr
1190 3494 1227 3568 in
1270 3494 1412 3593 Species
1430 3506 1550 3572 autem
1572 3490 1785 3573 diatessaron
1804 3491 1961 3572 inferior
1982 3494 2129 3572 dicitur

381 3626 401 3683 c
426 3604 465 3681 ἃ
491 3604 517 3678 d
540 3605 654 3680 acutis
684 3604 834 3703 proprie
863 3605 1084 3694 terminare3
1115 3605 1229 3678 mixte
1268 3602 1329 3680 iila
1350 3606 1387 3680 in
1410 3603 1577 3704 quolibet
1600 3618 1806 3692 tonorum,
1826 3627 1909 3707 qore
1926 3605 2127 3705 incipitur.

383 3728 506 3794 autern
532 3717 570 3790 in
594 3716 740 3803 mixtis3
772 3714 809 3789 dr
833 3715 1058 3801 commixto.
1091 3710 1152 3790 sed
1174 3734 1229 3790 rr·
1270 3714 1332 3791 ubi
1360 3727 1471 3791 tonus
1503 3718 1696 3791 terminare
1726 3714 1860 3804 debet,
1891 3714 2130 3795 descendeus

381 3822 541 3915 tissime.
571 3824 610 3902 in
636 3821 664 3900 E
690 3824 803 3921 gravi.
1269 3824 1389 3911 infra,
1420 3838 1463 3901 ut
1488 3820 1549 3901 hic
1576 3822 1622 3902 de
1652 3826 1830 3927 prodidit
1858 3824 2055 3930 speciebus
2085 3828 2132 3907 iu

635 3931 691 4011 De
711 3932 865 4030 seeundo
888 3942 982 4008 tono.
1270 3932 1431 4013 secundo
1456 3949 1554 4033 potet
1582 3949 1698 4015 torror

452 4041 646 4121 Secundus
681 4056 793 4120 tonus
824 4042 1005 4133 formatur
1035 4064 1082 4121 ex
1115 4042 1232 4142 prima
1760 4068 1763 4072 ’

527 4496 646 4577 Primo
705 4499 884 4602 diapente.
991 4452 993 4460 Α
1025 4496 1257 4579 Communia.
1586 4501 1758 4592 infertur·

442 4654 568 4739 Debet
591 4680 750 4759 namque
764 4658 901 4736 cantari
921 4656 1098 4735 secundun
1119 4670 1230 4734 tonus
1271 4658 1407 4737 sextam
1433 4659 1600 4739 scandere
1621 4686 1699 4743 non
1720 4669 1864 4765 potest,
1884 4682 1930 4751 ut
1954 4671 2140 4779 superine

385 4768 529 4869 semper
548 4768 652 4869 perd
676 4770 906 4859 rotundum3
937 4771 1039 4845 cuius
1056 4769 1150 4843 ratio
1165 4768 1228 4855 est,
1271 4769 1407 4847 dissum
1430 4770 1490 4846 est.
1540 4770 1598 4849 Ad
1620 4774 1730 4875 ipsam
1752 4778 2143 4877 verosiascenderet

384 4880 473 4991 quia
488 4877 835 4981 secundus,eoquod
853 4878 1047 4978 subiugatis
1061 4876 1123 4965 est.
1135 4876 1230 4956 ultra
1269 4901 1335 4983 per
1353 4870 1376 4984 ξ
1391 4878 1590 4984 quadrum,
1604 4895 1696 4965 tuno
1714 4889 1761 4967 rb
1779 4886 1809 4970 F
1824 4888 1933 4995 grani
1947 4918 2141 4999 quocun.

1973 5030 2075 5119 que·
