4750 6025
356 555 440 682 86
874 571 1208 661 marcuart
1251 571 1335 658 na
1377 573 1584 659 runnu
1696 568 1703 604 ’-

353 757 579 848 constituta,
609 753 785 866 eoquod
812 753 887 861 ipsa
919 758 1091 838 omnium
1120 779 1212 837 con·
1252 758 1455 861 diapente,
1484 779 1566 861 qne
1580 753 1665 838 sunt
1693 749 1873 860 simplices
1895 749 2112 837 consonan-

354 871 607 952 sonantiarutn
638 870 690 952 est
720 872 865 984 origo;
903 871 1073 954 continet
1111 874 1211 950 enirn
1254 875 1332 963 tia,
1358 872 1398 949 dc
1418 893 1484 974 per
1504 871 1583 950 illas
1601 867 1780 972 simplices
1801 868 1900 963 aliae,
1919 891 2003 978 quae
2021 865 2113 952 sunt

349 986 396 1064 in
428 985 466 1066 se
496 979 713 1065 diatessaron
749 985 788 1063 dc
820 985 991 1088 diapente
1022 1000 1212 1092 tamquam
1255 981 1492 1089 compositae,
1521 981 1811 1090 cognoscuntur.

355 1099 606 1198 partenium,
631 1095 1210 1202 licuttotumcontinetpartea.
1567 1159 1603 1245 c
1736 1157 1777 1241 V

357 1209 410 1292 Ut
433 1211 540 1316 supra
563 1233 723 1315 namque
749 1211 992 1292 monstratum
1019 1211 1092 1301 esi,
1123 1211 1214 1290 talea
1604 1184 1711 1242 ’Μ
1776 1219 1788 1240 ·

356 1325 440 1405 duae
460 1321 730 1414 consonantiae,
750 1347 834 1427 quc
850 1321 934 1404 snut
953 1337 1072 1428 partes
1088 1321 1211 1425 ipsius,
1285 1321 1547 1420 Dernonylratio
1568 1322 1767 1425 sedendam
1800 1320 2079 1423 Pythagoricos,

356 1434 589 1540 fingalariter
620 1437 705 1517 sunt
734 1435 925 1541 persedae3
957 1451 1080 1518 totum
1114 1439 1214 1516 eninr
1336 1435 1504 1540 diapason
1523 1435 1735 1539 diatrffaron
1757 1459 1830 1516 non
1851 1433 1917 1540 effe
1942 1458 2027 1545 com

356 1546 615 1768 sgogssesissae
644 1547 1217 1746 pSescfuersheurslusaosssvacslsgnrsffi
1313 1659 1511 1768 Proprium
1530 1547 2000 1778 atassssnsssrssonantiarum
2020 1657 2112 1740 attia

359 1773 438 1857 sire
461 1773 735 1858 resurredionis
762 1799 839 1879 prae
868 1775 1008 1859 cubilia
1038 1775 1109 1855 erit
1133 1773 1217 1855 dul·
1258 1771 1401 1856 mulicae
1423 1789 1485 1858 aut
1510 1777 1549 1853 in
1575 1776 1793 1878 multiplici,
1812 1789 1887 1856 aut
1916 1778 1956 1854 in
1983 1771 2114 1876 super-

357 1889 438 1969 cior
466 1889 506 1968 δι
529 1886 699 1976 suavior,
731 1885 779 1968 lic
804 1888 884 1968 baec
911 1887 1151 1968 consonantia
1175 1889 1215 1966 in
1258 1887 1463 1990 particulari
1486 1889 1737 1991 inaequalitatis
1761 1912 1899 1989 genere
1922 1881 2111 1967 consistit:

360 2001 560 2083 odonario
586 2001 783 2082 constituta
811 2023 886 2103 praa
908 1999 1048 2082 cubilis
1069 1998 1216 2105 dulcior
1256 2001 1318 2080 sed
1333 2001 1502 2104 diapason
1520 1997 1733 2080 diatessaron
1759 1997 2115 2086 consonantianon

359 2113 436 2204 ett,
468 2114 507 2192 ἅ
537 2111 651 2194 suavis
682 2115 860 2216 recipitur
888 2115 934 2194 ab
965 2113 1105 2194 auditu.
1145 2110 1217 2192 Per
1258 2113 1310 2192 est
1329 2136 1451 2216 neque
1476 2115 1514 2191 in
1532 2112 1746 2216 multiplici,
1777 2137 1899 2216 neque
1920 2115 1966 2196 iu¹
1982 2110 2117 2218 strper-

358 2227 448 2308 utlo
475 2225 554 2305 suar
581 2245 692 2306 voces
719 2225 959 2326 intelligimus
988 2225 1076 2307 olio
1102 2225 1217 2304 beati·
1257 2220 1485 2328 particulari,
1511 2248 1631 2327 neque
1657 2225 1912 2330 inequalitatir
1942 2248 2113 2326 genere3

359 2337 536 2433 tudines3
566 2361 632 2440 per
656 2337 756 2417 suam
781 2337 958 2418 binariam
985 2335 1214 2426 divisionem,
1257 2337 1333 2438 ipsa
1351 2361 1444 2440 ergo
1463 2360 1540 2416 non
1561 2339 1612 2417 etl
1635 2339 1888 2418 consonantia.
1932 2337 2121 2420 Preterea·

359 2447 690 2534 dilectionemve
714 2451 753 2527 dc
777 2452 964 2552 proximi,
997 2471 1138 2531 novum
1163 2465 1216 2528 te·
1257 2447 1427 2552 diapason
1451 2448 1712 2541 consonantia,
1739 2474 1820 2554 quae
1845 2450 1897 2530 eli
1920 2453 1961 2533 in
1984 2452 2117 2533 multi·

358 2567 580 2644 ttamentnn
609 2562 648 2640 ἀ
673 2577 802 2652 vetas,
832 2585 874 2642 ac
900 2564 1009 2642 etiam
1037 2564 1151 2640 vitam
1178 2584 1216 2639 a·
1257 2562 1345 2663 plici
1360 2585 1494 2661 genere
1507 2564 1768 2666 inaequalitatis,
1781 2562 1894 2666 dupla
1907 2563 2117 2669 proportio

360 2677 491 2758 silvam
515 2676 554 2752 ἃ
577 2673 915 2777 contemplativam.
968 2671 1032 2760 De
1057 2672 1126 2754 hac
1152 2697 1217 2754 en·
1258 2673 1414 2768 dicitnr3
1445 2674 1612 2776 diapason
1634 2675 1823 2775 diapente,
1841 2700 1924 2780 quae
1940 2682 2053 2759 etiam
2072 2682 2116 2759 in

359 2787 559 2871 chiridion.
1257 2784 1451 2887 multiplici
1465 2787 1712 2890 inequalitatia
1729 2812 1885 2890 genere,
1900 2791 2009 2894 tripla
2023 2807 2118 2896 pto·

416 2898 537 2982 Porro
554 2901 713 2978 maxima
736 2895 953 3000 symphonia
973 2895 1146 3000 diapason
1160 2895 1216 2977 di·
1256 2900 1384 3000 portio
1406 2896 1547 2977 dicitur.
1592 2897 1692 2979 luter
1707 2900 1785 3003 ilias
1800 2895 1926 2982 autern
1943 2927 2023 2983 non
2042 2927 2118 3008 po-

359 3016 479 3104 citur,
511 3036 561 3092 eo
586 3009 695 3113 quod
723 3012 763 3087 in
787 3035 829 3089 ea
859 3009 1057 3113 persedlor
1084 3008 1216 3091 conso-
1256 3009 1326 3089 telt
1344 3010 1464 3113 aliqua
1482 3015 1678 3113 proportio
1696 3016 1869 3115 reperiri,
1888 3019 1929 3095 δι
1947 3041 2016 3120 per
2036 3020 2118 3104 boc

358 3127 484 3207 nanda
508 3146 582 3228 prae
609 3124 748 3203 caeteris
771 3119 823 3201 srt.
864 3120 1108 3203 Ptolemaeus:
1140 3123 1216 3201 dia·
1257 3145 1328 3201 nec
1342 3122 1577 3201 consonantia
1589 3126 1892 3227 in‘proportione
1908 3131 1980 3225 elt;
2000 3131 2118 3235 respi-

358 3236 478 3342 pason
499 3233 744 3316 consonantia
760 3232 868 3312 talem
886 3237 987 3312 vocis
1000 3230 1109 3313 efficit
1124 3258 1216 3313 con·
1257 3238 1364 3311 ciunt¹
1386 3237 1483 3310 eninr
1512 3234 1581 3313 sese
1595 3234 1708 3314 'didiae
1736 3237 1817 3318 due
1843 3241 2116 3341 consonantia.

358 3350 616 3435 iunsliooem,
648 3366 692 3425 ut
707 3368 804 3423 unus
827 3358 937 3446 atque
956 3344 1053 3422 idem
1079 3370 1214 3424 nervus
1258 3344 1358 3424 lnter
1381 3346 1560 3446 binarium
1583 3348 1621 3424 da
1641 3352 1842 3428 ternarium
1868 3375 1948 3430 aon
1973 3360 2118 3456 reperi·

360 3460 432 3543 esse
455 3459 634 3541 videatur.
674 3454 787 3535 Nulla
807 3455 875 3535 alia
889 3455 1129 3536 consonantia
1151 3457 1213 3547 est,
1258 3473 1318 3537 tur
1341 3457 1468 3557 aliquis
1492 3479 1690 3547 numerus,
1722 3463 1808 3562 quia
1830 3465 1930 3543 inter
1950 3466 2116 3568 dupletur

359 3596 442 3680 quae
462 3574 502 3650 in
521 3571 664 3651 duabus
689 3569 846 3647 vocibus
866 3565 1108 3649 diversimode
1129 3591 1217 3670 pro·
1260 3570 1299 3646 ἀ
1321 3567 1470 3669 triplum
1496 3590 1573 3646 uon
1599 3570 1696 3649 cadit
1716 3571 1845 3674 aliquis
1867 3575 2015 3658 medius
2040 3606 2117 3661 nu·

358 3687 441 3768 latia
464 3682 623 3788 persesle
639 3679 868 3769 concordat,
901 3676 969 3757 trist
992 3679 1073 3757 haec
1098 3678 1216 3780 diapa-
1259 3703 1379 3759 merua
1392 3705 1405 3774 ;
1435 3703 1527 3780 ergo
1556 3683 1651 3759 inter
1681 3681 1853 3785 diapason
1884 3687 2042 3792 duplam
2071 3695 2117 3774 ἀ

359 3798 449 3888 son,
479 3794 732 3875 omneaenim
763 3791 842 3870 aliae
864 3805 993 3869 natura
1023 3789 1213 3870 laboriosae
1256 3790 1427 3892 diapason
1462 3792 1630 3894 diapente
1667 3796 1812 3895 triplam
1832 3798 1944 3891 ,non'
1966 3809 2118 3908 poterit

360 3910 446 3991 sunt
470 3909 509 3988 &
528 3906 672 3987 auditui
699 3901 864 3985 taediosae.
910 3900 1010 3981 Nam
1035 3904 1073 3981 in
1094 3902 1215 4004 aliqua
1256 3902 1382 4004 aliqua
1396 3903 1634 3985 consonantia
1653 3910 1839 4011 reperiri.¹
1872 3920 1875 3926 '

358 4023 513 4103 aliarum
542 4039 622 4097 non
651 4015 702 4095 eit
725 4012 954 4102 similitudo,
987 4011 1052 4093 nisi
1079 4018 1118 4093 in
1142 4013 1216 4093 dia·
1313 4012 1461 4095 Boetius
1477 4013 1667 4097 Ptolemaei
1689 4017 1906 4103 sententiam
1931 4026 2119 4132 responso

358 4132 507 4238 pason,
544 4142 588 4210 ut
619 4125 862 4230 probabiliter
889 4130 1101 4229 apparatio
1127 4126 1215 4206 dua·
1256 4128 1462 4230 approbans
1487 4128 1594 4222 dicit,
1614 4136 1792 4234 quoniam
1818 4136 1996 4243 diapason
2017 4166 2118 4227 con.

359 4248 431 4327 bue
458 4242 613 4323 vocibus
634 4236 877 4318 diversimode
905 4236 1056 4340 prolatis
1082 4238 1214 4321 dilian-
1256 4240 1420 4319 sonantia
1450 4240 1556 4321 talem
1594 4246 1697 4323 vocia
1729 4236 1841 4329 efficit
1873 4254 2120 4339 coniuncto·-

359 4358 462 4439 tibur
489 4353 601 4433 altera
622 4352 668 4431 ab
687 4348 798 4430 altera
814 4372 881 4453 per
896 4348 1093 4453 diapason3
1128 4354 1213 4454 quia
1255 4376 1371 4452 nem,
1401 4365 1444 4433 ut
1468 4376 1563 4434 unus
1592 4370 1702 4460 atque
1732 4361 1833 4441 idem
1868 4388 2019 4447 nervum
2041 4368 2121 4455 esse

358 4466 478 4569 sinna
497 4464 610 4547 virilis
629 4464 700 4553 esi,
723 4460 790 4541 alia
803 4462 964 4563 puerilia,
979 4460 1078 4565 quasi
1095 4487 1214 4543 arrum
1255 4465 1429 4553 videatur.
1499 4464 1687 4562 Quocirca
1714 4469 1742 4549 li
1765 4496 1836 4577 qua
1863 4478 2119 4567 consonantia

360 4582 402 4661 ἀ
415 4578 577 4662 eundem
591 4574 724 4657 sonum
738 4572 881 4654 auditui
895 4572 1132 4678 repraesentat.
1152 4574 1214 4656 De
1255 4578 1343 4675 buit
1367 4580 1478 4661 suerit
1502 4581 1644 4676 addita,
1674 4586 1819 4689 integra
1846 4601 1962 4693 atque
1989 4596 2121 4678 invio·

359 4690 441 4774 altu
465 4704 590 4772 autem
625 4685 876 4768 contonantiir
910 4686 1050 4778 tribus,
1080 4687 1214 4769 scilicet
1253 4691 1326 4771 lata
1346 4691 1523 4785 servatur,
1541 4699 1623 4799 quia
1644 4700 1888 4804 coniungitur
1906 4700 1995 4796 sibi,
2018 4722 2121 4791 tane

357 4802 538 4908 diapason
560 4795 800 4889 diatessaron,
829 4796 1002 4903 diapason
1028 4800 1211 4905 diapente,
1254 4825 1364 4907 quam
1391 4806 1457 4885 uni
1486 4829 1629 4886 nervo:
1658 4810 1739 4892 duae
1764 4816 1865 4893 eninr
1892 4839 2011 4899 vocer
2037 4822 2121 4905 dia-

357 4910 644 5017 &bisdiapason
672 4910 795 4991 dicere
813 4932 892 4989 non
920 4924 1094 5015 oportet,
1123 4938 1211 4994 cum
1253 4915 1365 5023 pason
1390 4942 1484 5020 pene
1508 4942 1578 4998 una
1604 4925 1733 5005 vocula
1761 4926 1865 5020 suat,
1898 4928 1982 5009 talis
2009 4935 2120 5019 enim

358 5037 639 5134 componantur
655 5047 677 5107 a
692 5022 880 5128 diapason,
900 5019 1142 5119 diatessaron,
1173 5028 1210 5107 dr
1253 5026 1493 5114 consonantia
1523 5030 1574 5112 ea
1602 5032 1800 5142 diapason,
1835 5055 1879 5123 ut
1907 5065 2033 5125 unum
2065 5050 2124 5130 es-

1903 5236 1907 5243 .
1988 5152 2063 5242 fin·
