<?xml version="1.0" encoding="UTF-8"?>
<!DOCTYPE html PUBLIC "-//W3C//DTD XHTML 1.0 Transitional//EN"
    "http://www.w3.org/TR/xhtml1/DTD/xhtml1-transitional.dtd">
<html xmlns="http://www.w3.org/1999/xhtml" xml:lang="en" lang="en">
 <head>
  <title>
</title>
<meta http-equiv="Content-Type" content="text/html;charset=utf-8" />
  <meta name='ocr-system' content='tesseract 3.04.00' />
  <meta name='ocr-capabilities' content='ocr_page ocr_carea ocr_par ocr_line ocrx_word'/>
</head>
<body>
  <div class='ocr_page' id='page_1' title='image "./scriptoreseccle00gerbgoog/scriptoreseccle00gerbgoog_0142.png"; bbox 0 0 4750 6025; ppageno 0'>
   <div class='ocr_carea' id='block_1_1' title="bbox 594 534 1990 666">
    <p class='ocr_par' dir='ltr' id='par_1_1' title="bbox 594 534 1990 666">
     <span class='ocr_line' id='line_1_1' title="bbox 594 534 1990 666; baseline 0.009 -44"><span class='ocrx_word' id='word_1_1' title='bbox 594 537 927 622; x_wconf 72' lang='lat' dir='ltr'>Portentum</span> <span class='ocrx_word' id='word_1_2' title='bbox 969 534 1212 622; x_wconf 80' lang='lat' dir='ltr'>MUSIOAE</span> <span class='ocrx_word' id='word_1_3' title='bbox 1253 539 1657 628; x_wconf 72' lang='lat' dir='ltr'><strong>MENSURATAE·</strong></span> <span class='ocrx_word' id='word_1_4' title='bbox 1876 549 1990 666; x_wconf 87' lang='lat'>129</span> 
     </span>
    </p>
   </div>
   <div class='ocr_carea' id='block_1_2' title="bbox 258 713 1997 4738">
    <p class='ocr_par' dir='ltr' id='par_1_2' title="bbox 258 713 1997 4556">
     <span class='ocr_line' id='line_1_2' title="bbox 266 713 1993 820; baseline 0.006 -23"><span class='ocrx_word' id='word_1_5' title='bbox 266 713 388 798; x_wconf 77' lang='lat' dir='ltr'>voluit</span> <span class='ocrx_word' id='word_1_6' title='bbox 415 717 555 820; x_wconf 78' lang='lat' dir='ltr'>pertrui</span> <span class='ocrx_word' id='word_1_7' title='bbox 582 721 621 799; x_wconf 91' lang='lat' dir='ltr'>in</span> <span class='ocrx_word' id='word_1_8' title='bbox 651 718 763 798; x_wconf 84' lang='lat' dir='ltr'>latere</span> <span class='ocrx_word' id='word_1_9' title='bbox 791 717 949 808; x_wconf 80' lang='lat' dir='ltr'>dextro,</span> <span class='ocrx_word' id='word_1_10' title='bbox 980 731 1022 798; x_wconf 86' lang='lat' dir='ltr'>ut</span> <span class='ocrx_word' id='word_1_11' title='bbox 1050 731 1110 797; x_wconf 86' lang='lat' dir='ltr'>to·</span> <span class='ocrx_word' id='word_1_12' title='bbox 1149 718 1252 796; x_wconf 88' lang='lat' dir='ltr'>mine</span> <span class='ocrx_word' id='word_1_13' title='bbox 1274 727 1355 799; x_wconf 89' lang='lat' dir='ltr'>tota</span> <span class='ocrx_word' id='word_1_14' title='bbox 1386 720 1577 802; x_wconf 81' lang='lat' dir='ltr'>substantia</span> <span class='ocrx_word' id='word_1_15' title='bbox 1611 723 1823 803; x_wconf 75' lang='lat' dir='ltr'>nutrimenti</span> <span class='ocrx_word' id='word_1_16' title='bbox 1850 729 1900 807; x_wconf 87' lang='lat' dir='ltr'>eii</span> <span class='ocrx_word' id='word_1_17' title='bbox 1928 728 1993 807; x_wconf 85' lang='lat' dir='ltr'>he·</span> 
     </span>
     <span class='ocr_line' id='line_1_3' title="bbox 267 829 1988 936; baseline 0.006 -28"><span class='ocrx_word' id='word_1_18' title='bbox 267 843 346 908; x_wconf 89' lang='lat' dir='ltr'>tum</span> <span class='ocrx_word' id='word_1_19' title='bbox 381 829 484 910; x_wconf 90' lang='lat' dir='ltr'>suum</span> <span class='ocrx_word' id='word_1_20' title='bbox 504 830 720 934; x_wconf 82' lang='lat' dir='ltr'>sanguinem</span> <span class='ocrx_word' id='word_1_21' title='bbox 746 830 916 910; x_wconf 84' lang='lat' dir='ltr'>suaderet</span> <span class='ocrx_word' id='word_1_22' title='bbox 948 853 1017 934; x_wconf 90' lang='lat' dir='ltr'>pro</span> <span class='ocrx_word' id='word_1_23' title='bbox 1041 853 1110 930; x_wconf 87' lang='lat' dir='ltr'>ge·</span> <span class='ocrx_word' id='word_1_24' title='bbox 1130 835 1132 839; x_wconf 82' lang='grc'><strong>’</strong></span> <span class='ocrx_word' id='word_1_25' title='bbox 1149 851 1238 930; x_wconf 88' lang='lat' dir='ltr'>par,</span> <span class='ocrx_word' id='word_1_26' title='bbox 1269 833 1402 934; x_wconf 90' lang='lat' dir='ltr'>inquo</span> <span class='ocrx_word' id='word_1_27' title='bbox 1422 836 1565 913; x_wconf 87' lang='lat' dir='ltr'>nonest</span> <span class='ocrx_word' id='word_1_28' title='bbox 1588 835 1755 936; x_wconf 84' lang='lat' dir='ltr'>sanguis:</span> <span class='ocrx_word' id='word_1_29' title='bbox 1786 836 1988 920; x_wconf 80' lang='lat' dir='ltr'>sicutenim</span> 
     </span>
     <span class='ocr_line' id='line_1_4' title="bbox 267 937 1994 1049; baseline 0.005 -29"><span class='ocrx_word' id='word_1_30' title='bbox 267 963 355 1021; x_wconf 88' lang='lat' dir='ltr'>nere</span> <span class='ocrx_word' id='word_1_31' title='bbox 390 941 564 1023; x_wconf 89' lang='lat' dir='ltr'>humano.</span> <span class='ocrx_word' id='word_1_32' title='bbox 608 937 654 1022; x_wconf 85' lang='lat' dir='ltr'>Et</span> <span class='ocrx_word' id='word_1_33' title='bbox 680 939 756 1020; x_wconf 84' lang='lat' dir='ltr'>lroe</span> <span class='ocrx_word' id='word_1_34' title='bbox 790 942 945 1021; x_wconf 82' lang='lat' dir='ltr'>dicimus</span> <span class='ocrx_word' id='word_1_35' title='bbox 980 943 1106 1022; x_wconf 88' lang='lat' dir='ltr'>secun·</span> <span class='ocrx_word' id='word_1_36' title='bbox 1147 962 1227 1017; x_wconf 91' lang='lat' dir='ltr'>non</span> <span class='ocrx_word' id='word_1_37' title='bbox 1251 943 1302 1019; x_wconf 84' lang='lat' dir='ltr'>eit</span> <span class='ocrx_word' id='word_1_38' title='bbox 1330 949 1525 1045; x_wconf 88' lang='lat' dir='ltr'>proprium</span> <span class='ocrx_word' id='word_1_39' title='bbox 1558 946 1697 1049; x_wconf 85' lang='lat' dir='ltr'>hepatia</span> <span class='ocrx_word' id='word_1_40' title='bbox 1720 948 1812 1027; x_wconf 88' lang='lat' dir='ltr'>trahi</span> <span class='ocrx_word' id='word_1_41' title='bbox 1847 953 1884 1027; x_wconf 92' lang='lat' dir='ltr'>in</span> <span class='ocrx_word' id='word_1_42' title='bbox 1917 950 1994 1028; x_wconf 86' lang='lat' dir='ltr'>sur·</span> 
     </span>
     <span class='ocr_line' id='line_1_5' title="bbox 266 1050 1993 1164; baseline 0.005 -32"><span class='ocrx_word' id='word_1_43' title='bbox 266 1051 357 1132; x_wconf 86' lang='lat' dir='ltr'>dum</span> <span class='ocrx_word' id='word_1_44' title='bbox 385 1054 572 1149; x_wconf 84' lang='lat' dir='ltr'>medicos3</span> <span class='ocrx_word' id='word_1_45' title='bbox 600 1051 799 1134; x_wconf 84' lang='lat' dir='ltr'>secundum</span> <span class='ocrx_word' id='word_1_46' title='bbox 834 1069 954 1134; x_wconf 90' lang='lat' dir='ltr'>autem</span> <span class='ocrx_word' id='word_1_47' title='bbox 989 1051 1108 1156; x_wconf 90' lang='lat' dir='ltr'>philo-</span> <span class='ocrx_word' id='word_1_48' title='bbox 1149 1050 1228 1130; x_wconf 92' lang='lat' dir='ltr'>sum</span> <span class='ocrx_word' id='word_1_49' title='bbox 1256 1051 1314 1129; x_wconf 85' lang='lat' dir='ltr'>sed</span> <span class='ocrx_word' id='word_1_50' title='bbox 1346 1057 1383 1132; x_wconf 90' lang='lat' dir='ltr'>in</span> <span class='ocrx_word' id='word_1_51' title='bbox 1415 1055 1609 1152; x_wconf 78' lang='lat' dir='ltr'>deorsum,</span> <span class='ocrx_word' id='word_1_52' title='bbox 1640 1057 1689 1138; x_wconf 81' lang='lat' dir='ltr'>fic</span> <span class='ocrx_word' id='word_1_53' title='bbox 1721 1085 1797 1139; x_wconf 91' lang='lat' dir='ltr'>non</span> <span class='ocrx_word' id='word_1_54' title='bbox 1825 1059 1875 1139; x_wconf 87' lang='lat' dir='ltr'>est</span> <span class='ocrx_word' id='word_1_55' title='bbox 1903 1086 1993 1164; x_wconf 87' lang='lat' dir='ltr'>pro·</span> 
     </span>
     <span class='ocr_line' id='line_1_6' title="bbox 264 1163 1994 1268; baseline 0.005 -25"><span class='ocrx_word' id='word_1_56' title='bbox 264 1163 401 1268; x_wconf 79' lang='lat' dir='ltr'>sophor</span> <span class='ocrx_word' id='word_1_57' title='bbox 429 1165 601 1254; x_wconf 76' lang='lat' dir='ltr'>dicimur.</span> <span class='ocrx_word' id='word_1_58' title='bbox 631 1165 734 1268; x_wconf 88' lang='lat' dir='ltr'>quod</span> <span class='ocrx_word' id='word_1_59' title='bbox 761 1187 829 1244; x_wconf 87' lang='lat' dir='ltr'>cor</span> <span class='ocrx_word' id='word_1_60' title='bbox 857 1167 907 1244; x_wconf 84' lang='lat' dir='ltr'>eil</span> <span class='ocrx_word' id='word_1_61' title='bbox 935 1166 1108 1267; x_wconf 87' lang='lat' dir='ltr'>principi·</span> <span class='ocrx_word' id='word_1_62' title='bbox 1149 1163 1269 1263; x_wconf 89' lang='lat' dir='ltr'>prium</span> <span class='ocrx_word' id='word_1_63' title='bbox 1297 1179 1397 1244; x_wconf 88' lang='lat' dir='ltr'>notae</span> <span class='ocrx_word' id='word_1_64' title='bbox 1421 1168 1511 1246; x_wconf 89' lang='lat' dir='ltr'>trahi</span> <span class='ocrx_word' id='word_1_65' title='bbox 1535 1171 1574 1247; x_wconf 93' lang='lat' dir='ltr'>in</span> <span class='ocrx_word' id='word_1_66' title='bbox 1601 1169 1734 1250; x_wconf 87' lang='lat' dir='ltr'>sursum</span> <span class='ocrx_word' id='word_1_67' title='bbox 1765 1172 1824 1250; x_wconf 90' lang='lat' dir='ltr'>sed</span> <span class='ocrx_word' id='word_1_68' title='bbox 1859 1175 1896 1248; x_wconf 93' lang='lat' dir='ltr'>in</span> <span class='ocrx_word' id='word_1_69' title='bbox 1930 1174 1994 1251; x_wconf 88' lang='lat' dir='ltr'>de·</span> 
     </span>
     <span class='ocr_line' id='line_1_7' title="bbox 264 1273 1991 1380; baseline 0.005 -23"><span class='ocrx_word' id='word_1_70' title='bbox 264 1299 329 1358; x_wconf 89' lang='lat' dir='ltr'>um</span> <span class='ocrx_word' id='word_1_71' title='bbox 352 1277 598 1377; x_wconf 84' lang='lat' dir='ltr'>generationis</span> <span class='ocrx_word' id='word_1_72' title='bbox 624 1275 828 1376; x_wconf 82' lang='lat' dir='ltr'>sanguinis,</span> <span class='ocrx_word' id='word_1_73' title='bbox 869 1281 1108 1378; x_wconf 86' lang='lat' dir='ltr'>principium·</span> <span class='ocrx_word' id='word_1_74' title='bbox 1149 1273 1283 1352; x_wconf 87' lang='lat' dir='ltr'>orsum.</span> <span class='ocrx_word' id='word_1_75' title='bbox 1331 1276 1425 1354; x_wconf 90' lang='lat' dir='ltr'>Nam</span> <span class='ocrx_word' id='word_1_76' title='bbox 1454 1280 1625 1380; x_wconf 79' lang='lat' dir='ltr'>perseslio</span> <span class='ocrx_word' id='word_1_77' title='bbox 1656 1299 1753 1360; x_wconf 86' lang='lat' dir='ltr'>notae</span> <span class='ocrx_word' id='word_1_78' title='bbox 1786 1282 1991 1364; x_wconf 84' lang='lat' dir='ltr'>allimilatut</span> 
     </span>
     <span class='ocr_line' id='line_1_8' title="bbox 262 1385 1990 1496; baseline 0.002 -26"><span class='ocrx_word' id='word_1_79' title='bbox 262 1412 337 1494; x_wconf 88' lang='lat' dir='ltr'>que</span> <span class='ocrx_word' id='word_1_80' title='bbox 362 1391 484 1470; x_wconf 82' lang='lat' dir='ltr'>omnis</span> <span class='ocrx_word' id='word_1_81' title='bbox 510 1401 631 1470; x_wconf 84' lang='lat' dir='ltr'>motus</span> <span class='ocrx_word' id='word_1_82' title='bbox 664 1387 715 1467; x_wconf 84' lang='lat' dir='ltr'>est</span> <span class='ocrx_word' id='word_1_83' title='bbox 745 1389 781 1466; x_wconf 88' lang='lat' dir='ltr'>in</span> <span class='ocrx_word' id='word_1_84' title='bbox 814 1387 924 1468; x_wconf 85' lang='lat' dir='ltr'>latere</span> <span class='ocrx_word' id='word_1_85' title='bbox 953 1385 1104 1477; x_wconf 89' lang='lat' dir='ltr'>linistro,</span> <span class='ocrx_word' id='word_1_86' title='bbox 1131 1435 1133 1440; x_wconf 81' lang='lat'><em>.</em></span> <span class='ocrx_word' id='word_1_87' title='bbox 1148 1385 1359 1486; x_wconf 78' lang='lat' dir='ltr'>pe&#39;tfeliioni</span> <span class='ocrx_word' id='word_1_88' title='bbox 1386 1389 1566 1481; x_wconf 80' lang='lat' dir='ltr'>hominia,</span> <span class='ocrx_word' id='word_1_89' title='bbox 1596 1397 1659 1495; x_wconf 90' lang='lat' dir='ltr'>qui</span> <span class='ocrx_word' id='word_1_90' title='bbox 1680 1395 1788 1496; x_wconf 85' lang='lat' dir='ltr'>ipsam</span> <span class='ocrx_word' id='word_1_91' title='bbox 1815 1395 1990 1492; x_wconf 72' lang='grc' dir='ltr'><strong>ιιιιιιιιιιις,</strong></span> 
     </span>
     <span class='ocr_line' id='line_1_9' title="bbox 265 1495 1992 1608; baseline 0.002 -27"><span class='ocrx_word' id='word_1_92' title='bbox 265 1501 305 1581; x_wconf 75' lang='lat' dir='ltr'>se</span> <span class='ocrx_word' id='word_1_93' title='bbox 328 1516 450 1580; x_wconf 89' lang='lat' dir='ltr'>tamen</span> <span class='ocrx_word' id='word_1_94' title='bbox 472 1501 565 1582; x_wconf 82' lang='lat' dir='ltr'>latus</span> <span class='ocrx_word' id='word_1_95' title='bbox 585 1499 761 1580; x_wconf 84' lang='lat' dir='ltr'>sinistrum</span> <span class='ocrx_word' id='word_1_96' title='bbox 791 1503 842 1580; x_wconf 84' lang='lat' dir='ltr'>eli</span> <span class='ocrx_word' id='word_1_97' title='bbox 864 1500 1106 1602; x_wconf 72' lang='lat' dir='ltr'>imperfectius</span> <span class='ocrx_word' id='word_1_98' title='bbox 1147 1495 1289 1575; x_wconf 81' lang='lat' dir='ltr'>trahere</span> <span class='ocrx_word' id='word_1_99' title='bbox 1310 1514 1432 1578; x_wconf 88' lang='lat' dir='ltr'>autem</span> <span class='ocrx_word' id='word_1_100' title='bbox 1456 1503 1588 1604; x_wconf 89' lang='lat' dir='ltr'>aliquid</span> <span class='ocrx_word' id='word_1_101' title='bbox 1619 1505 1821 1605; x_wconf 77' lang='lat' dir='ltr'>prater-sui</span> <span class='ocrx_word' id='word_1_102' title='bbox 1845 1510 1992 1608; x_wconf 86' lang='lat' dir='ltr'>propri·</span> 
     </span>
     <span class='ocr_line' id='line_1_10' title="bbox 264 1611 1991 1717; baseline 0.003 -24"><span class='ocrx_word' id='word_1_103' title='bbox 264 1613 306 1693; x_wconf 77' lang='lat' dir='ltr'>se</span> <span class='ocrx_word' id='word_1_104' title='bbox 331 1615 569 1715; x_wconf 79' lang='lat' dir='ltr'>impotentius</span> <span class='ocrx_word' id='word_1_105' title='bbox 593 1612 749 1706; x_wconf 86' lang='lat' dir='ltr'>dextr03</span> <span class='ocrx_word' id='word_1_106' title='bbox 778 1615 882 1692; x_wconf 85' lang='lat' dir='ltr'>cuius</span> <span class='ocrx_word' id='word_1_107' title='bbox 916 1615 1008 1690; x_wconf 89' lang='lat' dir='ltr'>ratio</span> <span class='ocrx_word' id='word_1_108' title='bbox 1040 1611 1104 1700; x_wconf 81' lang='lat' dir='ltr'>est,</span> <span class='ocrx_word' id='word_1_109' title='bbox 1147 1621 1302 1696; x_wconf 82' lang='lat' dir='ltr'>etatem,</span> <span class='ocrx_word' id='word_1_110' title='bbox 1333 1611 1383 1688; x_wconf 86' lang='lat' dir='ltr'>esi</span> <span class='ocrx_word' id='word_1_111' title='bbox 1420 1613 1536 1715; x_wconf 90' lang='lat' dir='ltr'>ipsum</span> <span class='ocrx_word' id='word_1_112' title='bbox 1574 1616 1816 1717; x_wconf 85' lang='lat' dir='ltr'>imperficere:</span> <span class='ocrx_word' id='word_1_113' title='bbox 1847 1618 1991 1698; x_wconf 89' lang='lat' dir='ltr'>trahere</span> 
     </span>
     <span class='ocr_line' id='line_1_11' title="bbox 263 1721 1989 1829; baseline -0.001 -21"><span class='ocrx_word' id='word_1_114' title='bbox 263 1727 348 1829; x_wconf 85' lang='lat' dir='ltr'>quia</span> <span class='ocrx_word' id='word_1_115' title='bbox 374 1725 493 1828; x_wconf 82' lang='lat' dir='ltr'>cuspis</span> <span class='ocrx_word' id='word_1_116' title='bbox 521 1723 645 1806; x_wconf 88' lang='lat' dir='ltr'>cordis</span> <span class='ocrx_word' id='word_1_117' title='bbox 674 1723 794 1804; x_wconf 74' lang='lat' dir='ltr'>versus</span> <span class='ocrx_word' id='word_1_118' title='bbox 822 1721 998 1803; x_wconf 84' lang='lat' dir='ltr'>sinistrum</span> <span class='ocrx_word' id='word_1_119' title='bbox 1025 1735 1105 1802; x_wconf 89' lang='lat' dir='ltr'>ten·</span> <span class='ocrx_word' id='word_1_120' title='bbox 1145 1741 1269 1798; x_wconf 87' lang='lat' dir='ltr'>autem</span> <span class='ocrx_word' id='word_1_121' title='bbox 1300 1735 1429 1800; x_wconf 89' lang='lat' dir='ltr'>notam</span> <span class='ocrx_word' id='word_1_122' title='bbox 1465 1750 1530 1826; x_wconf 90' lang='lat' dir='ltr'>pet</span> <span class='ocrx_word' id='word_1_123' title='bbox 1568 1728 1718 1807; x_wconf 80' lang='lat' dir='ltr'>muriam</span> <span class='ocrx_word' id='word_1_124' title='bbox 1755 1732 1794 1807; x_wconf 92' lang='lat' dir='ltr'>in</span> <span class='ocrx_word' id='word_1_125' title='bbox 1838 1728 1989 1821; x_wconf 84' lang='lat' dir='ltr'>sursum,</span> 
     </span>
     <span class='ocr_line' id='line_1_12' title="bbox 262 1831 1991 1941; baseline 0 -23"><span class='ocrx_word' id='word_1_126' title='bbox 262 1838 341 1930; x_wconf 87' lang='lat' dir='ltr'>dit,</span> <span class='ocrx_word' id='word_1_127' title='bbox 372 1861 416 1916; x_wconf 84' lang='lat' dir='ltr'>os</span> <span class='ocrx_word' id='word_1_128' title='bbox 443 1851 565 1917; x_wconf 86' lang='lat' dir='ltr'>autem</span> <span class='ocrx_word' id='word_1_129' title='bbox 591 1834 698 1938; x_wconf 81' lang='lat' dir='ltr'>iplinr</span> <span class='ocrx_word' id='word_1_130' title='bbox 722 1835 843 1914; x_wconf 79' lang='lat' dir='ltr'>cordia</span> <span class='ocrx_word' id='word_1_131' title='bbox 869 1833 988 1916; x_wconf 81' lang='lat' dir='ltr'>aetius</span> <span class='ocrx_word' id='word_1_132' title='bbox 1016 1833 1105 1912; x_wconf 85' lang='lat' dir='ltr'>dex·</span> <span class='ocrx_word' id='word_1_133' title='bbox 1146 1831 1197 1909; x_wconf 83' lang='lat' dir='ltr'>eli</span> <span class='ocrx_word' id='word_1_134' title='bbox 1222 1832 1446 1936; x_wconf 89' lang='lat' dir='ltr'>imperficere</span> <span class='ocrx_word' id='word_1_135' title='bbox 1462 1838 1595 1938; x_wconf 86' lang='lat' dir='ltr'>ipsam,</span> <span class='ocrx_word' id='word_1_136' title='bbox 1619 1863 1701 1920; x_wconf 90' lang='lat' dir='ltr'>cum</span> <span class='ocrx_word' id='word_1_137' title='bbox 1724 1838 1766 1919; x_wconf 85' lang='lat' dir='ltr'>sat</span> <span class='ocrx_word' id='word_1_138' title='bbox 1781 1853 1909 1941; x_wconf 88' lang='lat' dir='ltr'>praeter</span> <span class='ocrx_word' id='word_1_139' title='bbox 1927 1865 1991 1918; x_wconf 89' lang='lat' dir='ltr'>na·</span> 
     </span>
     <span class='ocr_line' id='line_1_13' title="bbox 262 1942 1986 2050; baseline 0 -18"><span class='ocrx_word' id='word_1_140' title='bbox 262 1965 363 2032; x_wconf 87' lang='lat' dir='ltr'>trum</span> <span class='ocrx_word' id='word_1_141' title='bbox 391 1949 527 2042; x_wconf 83' lang='lat' dir='ltr'>tendit,</span> <span class='ocrx_word' id='word_1_142' title='bbox 564 1951 604 2028; x_wconf 96' lang='lat' dir='ltr'>in</span> <span class='ocrx_word' id='word_1_143' title='bbox 641 1947 758 2050; x_wconf 92' lang='lat' dir='ltr'>ipsum</span> <span class='ocrx_word' id='word_1_144' title='bbox 796 1949 965 2047; x_wconf 80' lang='lat' dir='ltr'>primitus</span> <span class='ocrx_word' id='word_1_145' title='bbox 999 1948 1106 2025; x_wconf 85' lang='lat' dir='ltr'>emit·</span> <span class='ocrx_word' id='word_1_146' title='bbox 1144 1953 1265 2020; x_wconf 87' lang='lat' dir='ltr'>turam</span> <span class='ocrx_word' id='word_1_147' title='bbox 1309 1942 1417 2044; x_wconf 79' lang='lat' dir='ltr'>ipsius</span> <span class='ocrx_word' id='word_1_148' title='bbox 1464 1964 1657 2038; x_wconf 81' lang='lat' dir='ltr'>uotae,·ut</span> <span class='ocrx_word' id='word_1_149' title='bbox 1701 1953 1883 2032; x_wconf 87' lang='lat' dir='ltr'>ostensum</span> <span class='ocrx_word' id='word_1_150' title='bbox 1925 1953 1986 2032; x_wconf 84' lang='lat' dir='ltr'>eli.</span> 
     </span>
     <span class='ocr_line' id='line_1_14' title="bbox 260 2051 1990 2163; baseline -0.001 -19"><span class='ocrx_word' id='word_1_151' title='bbox 260 2075 342 2144; x_wconf 83' lang='lat' dir='ltr'>tent</span> <span class='ocrx_word' id='word_1_152' title='bbox 365 2062 520 2143; x_wconf 86' lang='lat' dir='ltr'>calorem</span> <span class='ocrx_word' id='word_1_153' title='bbox 555 2061 917 2142; x_wconf 77' lang='lat' dir='ltr'>&amp;nutrimentumt</span> <span class='ocrx_word' id='word_1_154' title='bbox 964 2057 1002 2134; x_wconf 80' lang='grc' dir='ltr'>ιιι</span> <span class='ocrx_word' id='word_1_155' title='bbox 1029 2055 1106 2137; x_wconf 89' lang='lat' dir='ltr'>hoc</span> <span class='ocrx_word' id='word_1_156' title='bbox 1144 2051 1224 2144; x_wconf 81' lang='lat' dir='ltr'>Sed</span> <span class='ocrx_word' id='word_1_157' title='bbox 1236 2059 1459 2155; x_wconf 75' lang='lat' dir='ltr'>proprietas,</span> <span class='ocrx_word' id='word_1_158' title='bbox 1479 2083 1560 2163; x_wconf 88' lang='lat' dir='ltr'>quae</span> <span class='ocrx_word' id='word_1_159' title='bbox 1585 2062 1635 2139; x_wconf 87' lang='lat' dir='ltr'>est</span> <span class='ocrx_word' id='word_1_160' title='bbox 1655 2066 1692 2141; x_wconf 90' lang='lat' dir='ltr'>in</span> <span class='ocrx_word' id='word_1_161' title='bbox 1716 2063 1827 2142; x_wconf 88' lang='lat' dir='ltr'>latere</span> <span class='ocrx_word' id='word_1_162' title='bbox 1848 2052 1990 2142; x_wconf 84' lang='lat' dir='ltr'>sinistro</span> 
     </span>
     <span class='ocr_line' id='line_1_15' title="bbox 261 2164 1986 2280; baseline -0.001 -24"><span class='ocrx_word' id='word_1_163' title='bbox 261 2189 412 2280; x_wconf 83' lang='lat' dir='ltr'>apparet</span> <span class='ocrx_word' id='word_1_164' title='bbox 430 2197 477 2253; x_wconf 85' lang='lat' dir='ltr'>ex</span> <span class='ocrx_word' id='word_1_165' title='bbox 492 2172 726 2276; x_wconf 76' lang='lat' dir='ltr'>dispostione</span> <span class='ocrx_word' id='word_1_166' title='bbox 748 2172 1000 2266; x_wconf 84' lang='lat' dir='ltr'>membrorum</span> <span class='ocrx_word' id='word_1_167' title='bbox 1016 2167 1112 2248; x_wconf 69' lang='lat' dir='ltr'>dex·</span> <span class='ocrx_word' id='word_1_168' title='bbox 1145 2166 1183 2241; x_wconf 92' lang='lat' dir='ltr'>in</span> <span class='ocrx_word' id='word_1_169' title='bbox 1208 2164 1368 2256; x_wconf 87' lang='lat' dir='ltr'>sursum,</span> <span class='ocrx_word' id='word_1_170' title='bbox 1387 2171 1472 2273; x_wconf 83' lang='lat' dir='ltr'>plue</span> <span class='ocrx_word' id='word_1_171' title='bbox 1494 2171 1687 2275; x_wconf 81' lang='lat' dir='ltr'>impericit</span> <span class='ocrx_word' id='word_1_172' title='bbox 1709 2190 1855 2266; x_wconf 90' lang='lat' dir='ltr'>notam,</span> <span class='ocrx_word' id='word_1_173' title='bbox 1875 2199 1986 2276; x_wconf 88' lang='lat' dir='ltr'>quam</span> 
     </span>
     <span class='ocr_line' id='line_1_16' title="bbox 265 2275 1985 2390; baseline -0.002 -22"><span class='ocrx_word' id='word_1_174' title='bbox 265 2301 436 2378; x_wconf 86' lang='lat' dir='ltr'>trorum,</span> <span class='ocrx_word' id='word_1_175' title='bbox 475 2303 557 2390; x_wconf 86' lang='lat' dir='ltr'>qnae</span> <span class='ocrx_word' id='word_1_176' title='bbox 592 2283 742 2388; x_wconf 91' lang='lat' dir='ltr'>quidem</span> <span class='ocrx_word' id='word_1_177' title='bbox 776 2282 860 2362; x_wconf 87' lang='lat' dir='ltr'>sunt</span> <span class='ocrx_word' id='word_1_178' title='bbox 896 2283 1105 2386; x_wconf 88' lang='lat' dir='ltr'>potentiora</span> <span class='ocrx_word' id='word_1_179' title='bbox 1146 2275 1206 2355; x_wconf 88' lang='lat' dir='ltr'>illa</span> <span class='ocrx_word' id='word_1_180' title='bbox 1231 2301 1312 2379; x_wconf 85' lang='lat' dir='ltr'>quae</span> <span class='ocrx_word' id='word_1_181' title='bbox 1341 2286 1493 2382; x_wconf 87' lang='lat' dir='ltr'>ponitur</span> <span class='ocrx_word' id='word_1_182' title='bbox 1518 2287 1555 2362; x_wconf 89' lang='lat' dir='ltr'>iu</span> <span class='ocrx_word' id='word_1_183' title='bbox 1580 2284 1690 2364; x_wconf 88' lang='lat' dir='ltr'>latere</span> <span class='ocrx_word' id='word_1_184' title='bbox 1717 2287 1870 2365; x_wconf 85' lang='lat' dir='ltr'>dextro:</span> <span class='ocrx_word' id='word_1_185' title='bbox 1901 2308 1985 2365; x_wconf 88' lang='lat' dir='ltr'>nam</span> 
     </span>
     <span class='ocr_line' id='line_1_17' title="bbox 263 2387 1986 2500; baseline -0.001 -22"><span class='ocrx_word' id='word_1_186' title='bbox 263 2401 304 2478; x_wconf 70' lang='grc' dir='ltr'>ἀ</span> <span class='ocrx_word' id='word_1_187' title='bbox 325 2401 440 2500; x_wconf 82' lang='lat' dir='ltr'>magis</span> <span class='ocrx_word' id='word_1_188' title='bbox 458 2396 653 2500; x_wconf 87' lang='lat' dir='ltr'>operabilia</span> <span class='ocrx_word' id='word_1_189' title='bbox 680 2393 900 2474; x_wconf 77' lang='lat' dir='ltr'>inillrorum</span> <span class='ocrx_word' id='word_1_190' title='bbox 921 2412 1103 2496; x_wconf 79' lang='lat' dir='ltr'>tamquam</span> <span class='ocrx_word' id='word_1_191' title='bbox 1146 2387 1218 2489; x_wconf 87' lang='lat' dir='ltr'>ipsa</span> <span class='ocrx_word' id='word_1_192' title='bbox 1243 2389 1332 2470; x_wconf 83' lang='lat' dir='ltr'>duae</span> <span class='ocrx_word' id='word_1_193' title='bbox 1352 2395 1643 2495; x_wconf 71' lang='lat' dir='ltr'>imperseeiionee</span> <span class='ocrx_word' id='word_1_194' title='bbox 1668 2399 1825 2476; x_wconf 87' lang='lat' dir='ltr'>ostendit</span> <span class='ocrx_word' id='word_1_195' title='bbox 1849 2401 1886 2474; x_wconf 92' lang='lat' dir='ltr'>in</span> <span class='ocrx_word' id='word_1_196' title='bbox 1915 2397 1986 2498; x_wconf 91' lang='lat' dir='ltr'>ipsa</span> 
     </span>
     <span class='ocr_line' id='line_1_18' title="bbox 262 2501 1990 2616; baseline -0.002 -26"><span class='ocrx_word' id='word_1_197' title='bbox 262 2536 346 2616; x_wconf 83' lang='lat' dir='ltr'>pars</span> <span class='ocrx_word' id='word_1_198' title='bbox 378 2533 551 2598; x_wconf 84' lang='lat' dir='ltr'>movens,</span> <span class='ocrx_word' id='word_1_199' title='bbox 582 2507 715 2587; x_wconf 77' lang='lat' dir='ltr'>sinissra</span> <span class='ocrx_word' id='word_1_200' title='bbox 743 2531 831 2587; x_wconf 85' lang='lat' dir='ltr'>vero</span> <span class='ocrx_word' id='word_1_201' title='bbox 866 2501 1106 2608; x_wconf 85' lang='lat' dir='ltr'>impotentio-</span> <span class='ocrx_word' id='word_1_202' title='bbox 1147 2512 1254 2596; x_wconf 85' lang='lat' dir='ltr'>nota3</span> <span class='ocrx_word' id='word_1_203' title='bbox 1284 2526 1356 2583; x_wconf 90' lang='lat' dir='ltr'>una</span> <span class='ocrx_word' id='word_1_204' title='bbox 1389 2507 1461 2597; x_wconf 86' lang='lat' dir='ltr'>est,</span> <span class='ocrx_word' id='word_1_205' title='bbox 1492 2531 1572 2610; x_wconf 82' lang='lat' dir='ltr'>qua</span> <span class='ocrx_word' id='word_1_206' title='bbox 1606 2509 1658 2586; x_wconf 88' lang='lat' dir='ltr'>est</span> <span class='ocrx_word' id='word_1_207' title='bbox 1688 2514 1724 2588; x_wconf 89' lang='lat' dir='ltr'>in</span> <span class='ocrx_word' id='word_1_208' title='bbox 1761 2509 1872 2588; x_wconf 90' lang='lat' dir='ltr'>latere</span> <span class='ocrx_word' id='word_1_209' title='bbox 1906 2508 1990 2586; x_wconf 86' lang='lat' dir='ltr'>lini-</span> 
     </span>
     <span class='ocr_line' id='line_1_19' title="bbox 263 2611 1990 2725; baseline -0.01 -22"><span class='ocrx_word' id='word_1_210' title='bbox 263 2649 302 2703; x_wconf 90' lang='lat' dir='ltr'>ra</span> <span class='ocrx_word' id='word_1_211' title='bbox 322 2640 506 2724; x_wconf 87' lang='lat' dir='ltr'>tamquam</span> <span class='ocrx_word' id='word_1_212' title='bbox 531 2644 613 2724; x_wconf 87' lang='lat' dir='ltr'>pars</span> <span class='ocrx_word' id='word_1_213' title='bbox 634 2633 745 2700; x_wconf 87' lang='lat' dir='ltr'>mota.</span> <span class='ocrx_word' id='word_1_214' title='bbox 786 2617 861 2725; x_wconf 34' lang='lat' dir='ltr'>‚llis</span> <span class='ocrx_word' id='word_1_215' title='bbox 878 2618 1007 2696; x_wconf 86' lang='lat' dir='ltr'>habitis</span> <span class='ocrx_word' id='word_1_216' title='bbox 1028 2616 1105 2698; x_wconf 89' lang='lat' dir='ltr'>sor·</span> <span class='ocrx_word' id='word_1_217' title='bbox 1145 2611 1242 2702; x_wconf 80' lang='lat' dir='ltr'>liro,</span> <span class='ocrx_word' id='word_1_218' title='bbox 1271 2613 1337 2692; x_wconf 92' lang='lat' dir='ltr'>alia</span> <span class='ocrx_word' id='word_1_219' title='bbox 1366 2643 1446 2720; x_wconf 76' lang='lat' dir='ltr'>quae</span> <span class='ocrx_word' id='word_1_220' title='bbox 1475 2623 1525 2698; x_wconf 82' lang='lat' dir='ltr'>est</span> <span class='ocrx_word' id='word_1_221' title='bbox 1556 2623 1593 2697; x_wconf 85' lang='lat' dir='ltr'>in</span> <span class='ocrx_word' id='word_1_222' title='bbox 1617 2619 1765 2701; x_wconf 79' lang='lat' dir='ltr'>sursum,</span> <span class='ocrx_word' id='word_1_223' title='bbox 1813 2620 1906 2700; x_wconf 81' lang='lat' dir='ltr'>Non</span> <span class='ocrx_word' id='word_1_224' title='bbox 1933 2644 1990 2700; x_wconf 71' lang='lat' dir='ltr'>er.</span> 
     </span>
     <span class='ocr_line' id='line_1_20' title="bbox 263 2723 1990 2834; baseline -0.003 -18"><span class='ocrx_word' id='word_1_225' title='bbox 263 2733 538 2816; x_wconf 77' lang='lat' dir='ltr'>mamusulem</span> <span class='ocrx_word' id='word_1_226' title='bbox 568 2735 767 2814; x_wconf 86' lang='lat' dir='ltr'>rationem:</span> <span class='ocrx_word' id='word_1_227' title='bbox 794 2727 903 2812; x_wconf 85' lang='lat' dir='ltr'>Latus</span> <span class='ocrx_word' id='word_1_228' title='bbox 928 2729 1100 2808; x_wconf 82' lang='lat' dir='ltr'>dextrum</span> <span class='ocrx_word' id='word_1_229' title='bbox 1144 2747 1198 2824; x_wconf 88' lang='lat' dir='ltr'>go</span> <span class='ocrx_word' id='word_1_230' title='bbox 1226 2723 1336 2826; x_wconf 84' lang='lat' dir='ltr'>ipsam</span> <span class='ocrx_word' id='word_1_231' title='bbox 1361 2730 1445 2813; x_wconf 81' lang='lat' dir='ltr'>iacit</span> <span class='ocrx_word' id='word_1_232' title='bbox 1471 2733 1641 2819; x_wconf 84' lang='lat' dir='ltr'>brevem,</span> <span class='ocrx_word' id='word_1_233' title='bbox 1672 2732 1760 2812; x_wconf 86' lang='lat' dir='ltr'>srcut</span> <span class='ocrx_word' id='word_1_234' title='bbox 1790 2732 1875 2811; x_wconf 86' lang='lat' dir='ltr'>sacit</span> <span class='ocrx_word' id='word_1_235' title='bbox 1901 2755 1990 2834; x_wconf 84' lang='lat' dir='ltr'>pro-</span> 
     </span>
     <span class='ocr_line' id='line_1_21' title="bbox 258 2838 1989 2954; baseline -0.003 -25"><span class='ocrx_word' id='word_1_236' title='bbox 258 2847 314 2929; x_wconf 71' lang='grc' dir='ltr'>ἰιι</span> <span class='ocrx_word' id='word_1_237' title='bbox 337 2845 524 2951; x_wconf 73' lang='lat' dir='ltr'>periculus</span> <span class='ocrx_word' id='word_1_238' title='bbox 552 2868 661 2948; x_wconf 89' lang='lat' dir='ltr'>quam</span> <span class='ocrx_word' id='word_1_239' title='bbox 690 2842 889 2954; x_wconf 68' lang='lat' dir='ltr'>sruillrum‘.</span> <span class='ocrx_word' id='word_1_240' title='bbox 911 2857 953 2919; x_wconf 91' lang='lat' dir='ltr'>ut</span> <span class='ocrx_word' id='word_1_241' title='bbox 972 2841 1104 2944; x_wconf 88' lang='lat' dir='ltr'>proba·</span> <span class='ocrx_word' id='word_1_242' title='bbox 1144 2838 1295 2940; x_wconf 83' lang='lat' dir='ltr'>prietes,</span> <span class='ocrx_word' id='word_1_243' title='bbox 1327 2863 1409 2942; x_wconf 79' lang='lat' dir='ltr'>qua</span> <span class='ocrx_word' id='word_1_244' title='bbox 1429 2843 1479 2922; x_wconf 75' lang='grc' dir='ltr'>ιιι</span> <span class='ocrx_word' id='word_1_245' title='bbox 1502 2848 1540 2921; x_wconf 92' lang='lat' dir='ltr'>in</span> <span class='ocrx_word' id='word_1_246' title='bbox 1562 2842 1674 2922; x_wconf 89' lang='lat' dir='ltr'>latere</span> <span class='ocrx_word' id='word_1_247' title='bbox 1700 2841 1839 2922; x_wconf 82' lang='lat' dir='ltr'>sinistro</span> <span class='ocrx_word' id='word_1_248' title='bbox 1863 2847 1901 2921; x_wconf 94' lang='lat' dir='ltr'>in</span> <span class='ocrx_word' id='word_1_249' title='bbox 1925 2844 1989 2924; x_wconf 91' lang='lat' dir='ltr'>de·</span> 
     </span>
     <span class='ocr_line' id='line_1_22' title="bbox 262 2947 1988 3059; baseline -0.006 -15"><span class='ocrx_word' id='word_1_250' title='bbox 262 2961 422 3055; x_wconf 86' lang='lat' dir='ltr'>tumeli3</span> <span class='ocrx_word' id='word_1_251' title='bbox 452 2956 510 3037; x_wconf 91' lang='lat' dir='ltr'>sed</span> <span class='ocrx_word' id='word_1_252' title='bbox 531 2959 731 3059; x_wconf 84' lang='lat' dir='ltr'>proprietas</span> <span class='ocrx_word' id='word_1_253' title='bbox 747 2954 865 3033; x_wconf 89' lang='lat' dir='ltr'>addita</span> <span class='ocrx_word' id='word_1_254' title='bbox 885 2965 982 3033; x_wconf 81' lang='lat' dir='ltr'>nota</span> <span class='ocrx_word' id='word_1_255' title='bbox 1001 2952 1102 3031; x_wconf 88' lang='lat' dir='ltr'>addi·</span> <span class='ocrx_word' id='word_1_256' title='bbox 1144 2947 1290 3041; x_wconf 87' lang='lat' dir='ltr'>orsum,</span> <span class='ocrx_word' id='word_1_257' title='bbox 1322 2951 1381 3033; x_wconf 88' lang='lat' dir='ltr'>sed</span> <span class='ocrx_word' id='word_1_258' title='bbox 1418 2954 1504 3034; x_wconf 88' lang='lat' dir='ltr'>iacit</span> <span class='ocrx_word' id='word_1_259' title='bbox 1533 2955 1643 3057; x_wconf 83' lang='lat' dir='ltr'>ipsam</span> <span class='ocrx_word' id='word_1_260' title='bbox 1680 2959 1787 3036; x_wconf 90' lang='lat' dir='ltr'>etiam</span> <span class='ocrx_word' id='word_1_261' title='bbox 1817 2954 1988 3035; x_wconf 88' lang='lat' dir='ltr'>semibre·</span> 
     </span>
     <span class='ocr_line' id='line_1_23' title="bbox 263 3064 1986 3173; baseline -0.004 -19"><span class='ocrx_word' id='word_1_262' title='bbox 263 3084 324 3155; x_wconf 80' lang='lat' dir='ltr'>t&#39;ur</span> <span class='ocrx_word' id='word_1_263' title='bbox 343 3070 405 3151; x_wconf 87' lang='lat' dir='ltr'>libi</span> <span class='ocrx_word' id='word_1_264' title='bbox 425 3066 921 3173; x_wconf 74' lang='lat' dir='ltr'>perdextrumasrnistrum</span> <span class='ocrx_word' id='word_1_265' title='bbox 940 3079 982 3145; x_wconf 88' lang='lat' dir='ltr'>ut</span> <span class='ocrx_word' id='word_1_266' title='bbox 1002 3078 1102 3167; x_wconf 88' lang='lat' dir='ltr'>patet</span> <span class='ocrx_word' id='word_1_267' title='bbox 1143 3064 1250 3150; x_wconf 80' lang='lat' dir='ltr'>vem,&#39;</span> <span class='ocrx_word' id='word_1_268' title='bbox 1276 3065 1360 3163; x_wconf 91' lang='lat' dir='ltr'>quia</span> <span class='ocrx_word' id='word_1_269' title='bbox 1390 3067 1723 3168; x_wconf 75' lang='lat' dir='ltr'>imperletlionem,</span> <span class='ocrx_word' id='word_1_270' title='bbox 1752 3090 1834 3169; x_wconf 82' lang='lat' dir='ltr'>quae</span> <span class='ocrx_word' id='word_1_271' title='bbox 1869 3067 1919 3156; x_wconf 84' lang='lat' dir='ltr'>est</span> <span class='ocrx_word' id='word_1_272' title='bbox 1949 3069 1986 3147; x_wconf 87' lang='lat' dir='ltr'>iu</span> 
     </span>
     <span class='ocr_line' id='line_1_24' title="bbox 261 3174 1987 3285; baseline -0.006 -19"><span class='ocrx_word' id='word_1_273' title='bbox 261 3185 307 3266; x_wconf 86' lang='lat' dir='ltr'>ad</span> <span class='ocrx_word' id='word_1_274' title='bbox 334 3183 495 3264; x_wconf 86' lang='lat' dir='ltr'>sensum:</span> <span class='ocrx_word' id='word_1_275' title='bbox 514 3206 605 3281; x_wconf 89' lang='lat' dir='ltr'>ergo</span> <span class='ocrx_word' id='word_1_276' title='bbox 635 3185 835 3281; x_wconf 84' lang='lat' dir='ltr'>proprietas</span> <span class='ocrx_word' id='word_1_277' title='bbox 858 3176 979 3257; x_wconf 87' lang='lat' dir='ltr'>addita</span> <span class='ocrx_word' id='word_1_278' title='bbox 1003 3190 1101 3256; x_wconf 81' lang='lat' dir='ltr'>notae</span> <span class='ocrx_word' id='word_1_279' title='bbox 1143 3174 1304 3264; x_wconf 83' lang='lat' dir='ltr'>surium,</span> <span class='ocrx_word' id='word_1_280' title='bbox 1334 3175 1434 3257; x_wconf 86' lang='lat' dir='ltr'>addit</span> <span class='ocrx_word' id='word_1_281' title='bbox 1472 3178 1575 3279; x_wconf 90' lang='lat' dir='ltr'>supra</span> <span class='ocrx_word' id='word_1_282' title='bbox 1599 3176 1734 3280; x_wconf 85' lang='lat' dir='ltr'>ipsam.</span> <span class='ocrx_word' id='word_1_283' title='bbox 1780 3175 1987 3285; x_wconf 74' lang='lat' dir='ltr'>Proprietas</span> 
     </span>
     <span class='ocr_line' id='line_1_25' title="bbox 262 3289 1988 3400; baseline -0.005 -24"><span class='ocrx_word' id='word_1_284' title='bbox 262 3320 310 3379; x_wconf 80' lang='lat' dir='ltr'>ex</span> <span class='ocrx_word' id='word_1_285' title='bbox 335 3294 594 3400; x_wconf 82' lang='lat' dir='ltr'>partedextra</span> <span class='ocrx_word' id='word_1_286' title='bbox 621 3290 760 3394; x_wconf 90' lang='lat' dir='ltr'>perlicit</span> <span class='ocrx_word' id='word_1_287' title='bbox 786 3289 920 3389; x_wconf 88' lang='lat' dir='ltr'>ipsam.</span> <span class='ocrx_word' id='word_1_288' title='bbox 951 3312 998 3365; x_wconf 79' lang='lat' dir='ltr'>ex</span> <span class='ocrx_word' id='word_1_289' title='bbox 1022 3312 1102 3389; x_wconf 87' lang='lat' dir='ltr'>par·</span> <span class='ocrx_word' id='word_1_290' title='bbox 1143 3308 1253 3374; x_wconf 84' lang='lat' dir='ltr'>vero,</span> <span class='ocrx_word' id='word_1_291' title='bbox 1280 3308 1361 3389; x_wconf 83' lang='lat' dir='ltr'>quae</span> <span class='ocrx_word' id='word_1_292' title='bbox 1389 3289 1440 3368; x_wconf 85' lang='lat' dir='ltr'>esi</span> <span class='ocrx_word' id='word_1_293' title='bbox 1467 3291 1504 3366; x_wconf 91' lang='lat' dir='ltr'>in</span> <span class='ocrx_word' id='word_1_294' title='bbox 1535 3289 1670 3372; x_wconf 89' lang='lat' dir='ltr'>sursum</span> <span class='ocrx_word' id='word_1_295' title='bbox 1697 3292 1736 3368; x_wconf 93' lang='lat' dir='ltr'>in</span> <span class='ocrx_word' id='word_1_296' title='bbox 1762 3290 1872 3369; x_wconf 88' lang='lat' dir='ltr'>latere</span> <span class='ocrx_word' id='word_1_297' title='bbox 1898 3289 1988 3367; x_wconf 84' lang='lat' dir='ltr'>dex-</span> 
     </span>
     <span class='ocr_line' id='line_1_26' title="bbox 262 3396 1988 3505; baseline -0.007 -15"><span class='ocrx_word' id='word_1_298' title='bbox 262 3424 300 3491; x_wconf 89' lang='lat' dir='ltr'>te</span> <span class='ocrx_word' id='word_1_299' title='bbox 328 3432 414 3488; x_wconf 85' lang='lat' dir='ltr'>veto</span> <span class='ocrx_word' id='word_1_300' title='bbox 446 3404 580 3486; x_wconf 79' lang='lat' dir='ltr'>sinistra</span> <span class='ocrx_word' id='word_1_301' title='bbox 606 3402 798 3505; x_wconf 83' lang='lat' dir='ltr'>impetficit</span> <span class='ocrx_word' id='word_1_302' title='bbox 826 3400 947 3504; x_wconf 88' lang='lat' dir='ltr'>ipsam.</span> <span class='ocrx_word' id='word_1_303' title='bbox 993 3397 1114 3502; x_wconf 80' lang='lat' dir='ltr'>Perii·&#39;</span> <span class='ocrx_word' id='word_1_304' title='bbox 1144 3410 1235 3488; x_wconf 79' lang='lat' dir='ltr'>tro.</span> <span class='ocrx_word' id='word_1_305' title='bbox 1277 3396 1394 3480; x_wconf 86' lang='lat' dir='ltr'>solum</span> <span class='ocrx_word' id='word_1_306' title='bbox 1438 3402 1559 3481; x_wconf 89' lang='lat' dir='ltr'>innuit</span> <span class='ocrx_word' id='word_1_307' title='bbox 1575 3427 1704 3490; x_wconf 72' lang='lat' dir='ltr'>,unam</span> <span class='ocrx_word' id='word_1_308' title='bbox 1742 3402 1988 3503; x_wconf 59' lang='lat' dir='ltr'>imperiosio-</span> 
     </span>
     <span class='ocr_line' id='line_1_27' title="bbox 261 3512 1986 3616; baseline -0.009 -13"><span class='ocrx_word' id='word_1_309' title='bbox 261 3544 345 3603; x_wconf 85' lang='lat' dir='ltr'>cere</span> <span class='ocrx_word' id='word_1_310' title='bbox 364 3534 486 3599; x_wconf 90' lang='lat' dir='ltr'>autem</span> <span class='ocrx_word' id='word_1_311' title='bbox 511 3528 637 3597; x_wconf 85' lang='lat' dir='ltr'>notam</span> <span class='ocrx_word' id='word_1_312' title='bbox 661 3516 711 3595; x_wconf 84' lang='lat' dir='ltr'>eii</span> <span class='ocrx_word' id='word_1_313' title='bbox 731 3513 843 3616; x_wconf 86' lang='lat' dir='ltr'>ipsam</span> <span class='ocrx_word' id='word_1_314' title='bbox 867 3512 1100 3615; x_wconf 84' lang='lat' dir='ltr'>prolongare,</span> <span class='ocrx_word' id='word_1_315' title='bbox 1144 3532 1253 3600; x_wconf 61' lang='lat' dir='ltr'>reema</span> <span class='ocrx_word' id='word_1_316' title='bbox 1283 3512 1321 3589; x_wconf 71' lang='grc' dir='ltr'><strong>ιι</strong></span> <span class='ocrx_word' id='word_1_317' title='bbox 1364 3515 1600 3593; x_wconf 86' lang='lat' dir='ltr'>continuatur</span> <span class='ocrx_word' id='word_1_318' title='bbox 1633 3537 1719 3593; x_wconf 90' lang='lat' dir='ltr'>cum</span> <span class='ocrx_word' id='word_1_319' title='bbox 1751 3513 1986 3615; x_wconf 78' lang='lat' dir='ltr'>perseilione,</span> 
     </span>
     <span class='ocr_line' id='line_1_28' title="bbox 261 3622 1986 3736; baseline -0.006 -23"><span class='ocrx_word' id='word_1_320' title='bbox 261 3630 486 3736; x_wconf 87' lang='lat' dir='ltr'>imperlicere</span> <span class='ocrx_word' id='word_1_321' title='bbox 523 3652 612 3709; x_wconf 88' lang='lat' dir='ltr'>rero</span> <span class='ocrx_word' id='word_1_322' title='bbox 650 3626 700 3707; x_wconf 87' lang='lat' dir='ltr'>eii</span> <span class='ocrx_word' id='word_1_323' title='bbox 739 3624 849 3727; x_wconf 86' lang='lat' dir='ltr'>ipsam</span> <span class='ocrx_word' id='word_1_324' title='bbox 884 3626 1112 3705; x_wconf 77' lang='lat' dir='ltr'>abbreviare·</span> <span class='ocrx_word' id='word_1_325' title='bbox 1145 3644 1226 3722; x_wconf 78' lang='lat' dir='ltr'>qua</span> <span class='ocrx_word' id='word_1_326' title='bbox 1251 3623 1364 3702; x_wconf 86' lang='lat' dir='ltr'>estin</span> <span class='ocrx_word' id='word_1_327' title='bbox 1391 3622 1523 3705; x_wconf 85' lang='lat' dir='ltr'>dextro</span> <span class='ocrx_word' id='word_1_328' title='bbox 1547 3625 1585 3705; x_wconf 80' lang='lat' dir='ltr'>sa</span> <span class='ocrx_word' id='word_1_329' title='bbox 1608 3626 1646 3703; x_wconf 89' lang='lat' dir='ltr'>in</span> <span class='ocrx_word' id='word_1_330' title='bbox 1673 3624 1866 3704; x_wconf 82' lang='lat' dir='ltr'>deorsum:</span> <span class='ocrx_word' id='word_1_331' title='bbox 1900 3624 1986 3703; x_wconf 90' lang='lat' dir='ltr'>ideo</span> 
     </span>
     <span class='ocr_line' id='line_1_29' title="bbox 262 3731 1988 3843; baseline -0.009 -15"><span class='ocrx_word' id='word_1_332' title='bbox 262 3744 362 3828; x_wconf 85' lang='lat' dir='ltr'>Bene</span> <span class='ocrx_word' id='word_1_333' title='bbox 379 3766 482 3843; x_wconf 86' lang='lat' dir='ltr'>ergo</span> <span class='ocrx_word' id='word_1_334' title='bbox 519 3741 692 3819; x_wconf 82' lang='lat' dir='ltr'>dixerunt</span> <span class='ocrx_word' id='word_1_335' title='bbox 729 3736 886 3839; x_wconf 79' lang='lat' dir='ltr'>praediili</span> <span class='ocrx_word' id='word_1_336' title='bbox 921 3735 1101 3823; x_wconf 77' lang='lat' dir='ltr'>doslotee.</span> <span class='ocrx_word' id='word_1_337' title='bbox 1144 3731 1264 3812; x_wconf 88' lang='lat' dir='ltr'>solum</span> <span class='ocrx_word' id='word_1_338' title='bbox 1290 3732 1479 3837; x_wconf 86' lang='lat' dir='ltr'>aliqualem</span> <span class='ocrx_word' id='word_1_339' title='bbox 1502 3736 1813 3837; x_wconf 78' lang='lat' dir='ltr'>imperseslionem</span> <span class='ocrx_word' id='word_1_340' title='bbox 1837 3736 1898 3814; x_wconf 85' lang='lat' dir='ltr'>dat</span> <span class='ocrx_word' id='word_1_341' title='bbox 1918 3756 1988 3813; x_wconf 89' lang='lat' dir='ltr'>no·</span> 
     </span>
     <span class='ocr_line' id='line_1_30' title="bbox 263 3844 1997 3963; baseline -0.006 -28"><span class='ocrx_word' id='word_1_342' title='bbox 263 3856 368 3963; x_wconf 88' lang='lat' dir='ltr'>qnod</span> <span class='ocrx_word' id='word_1_343' title='bbox 398 3854 599 3957; x_wconf 82' lang='lat' dir='ltr'>proprietas</span> <span class='ocrx_word' id='word_1_344' title='bbox 629 3850 748 3929; x_wconf 88' lang='lat' dir='ltr'>addita</span> <span class='ocrx_word' id='word_1_345' title='bbox 783 3863 881 3927; x_wconf 83' lang='lat' dir='ltr'>notae</span> <span class='ocrx_word' id='word_1_346' title='bbox 912 3870 959 3926; x_wconf 83' lang='lat' dir='ltr'>ex</span> <span class='ocrx_word' id='word_1_347' title='bbox 993 3846 1104 3951; x_wconf 89' lang='lat' dir='ltr'>latere</span> <span class='ocrx_word' id='word_1_348' title='bbox 1145 3858 1220 3951; x_wconf 36' lang='grc' dir='ltr'>εει</span> <span class='ocrx_word' id='word_1_349' title='bbox 1245 3844 1377 3942; x_wconf 88' lang='lat' dir='ltr'>scilicet</span> <span class='ocrx_word' id='word_1_350' title='bbox 1398 3861 1441 3928; x_wconf 90' lang='lat' dir='ltr'>ut</span> <span class='ocrx_word' id='word_1_351' title='bbox 1465 3850 1646 3927; x_wconf 89' lang='lat' dir='ltr'>diminute</span> <span class='ocrx_word' id='word_1_352' title='bbox 1671 3851 1709 3927; x_wconf 72' lang='grc' dir='ltr'><strong>δι</strong></span> <span class='ocrx_word' id='word_1_353' title='bbox 1734 3872 1800 3950; x_wconf 89' lang='lat' dir='ltr'>pet</span> <span class='ocrx_word' id='word_1_354' title='bbox 1829 3849 1997 3953; x_wconf 24' lang='lat' dir='ltr'>modum·</span> 
     </span>
     <span class='ocr_line' id='line_1_31' title="bbox 262 3954 1989 4064; baseline -0.009 -13"><span class='ocrx_word' id='word_1_355' title='bbox 262 3971 398 4051; x_wconf 84' lang='lat' dir='ltr'>dextro</span> <span class='ocrx_word' id='word_1_356' title='bbox 431 3966 583 4044; x_wconf 85' lang='lat' dir='ltr'>inierim·</span> <span class='ocrx_word' id='word_1_357' title='bbox 608 3961 717 4064; x_wconf 89' lang='lat' dir='ltr'>ipsam</span> <span class='ocrx_word' id='word_1_358' title='bbox 749 3960 913 4063; x_wconf 81' lang='lat' dir='ltr'>perficit,</span> <span class='ocrx_word' id='word_1_359' title='bbox 943 3958 1105 4061; x_wconf 85' lang='lat' dir='ltr'>superius</span> <span class='ocrx_word' id='word_1_360' title='bbox 1146 3955 1250 4059; x_wconf 81' lang='lat' dir='ltr'>plicae</span> <span class='ocrx_word' id='word_1_361' title='bbox 1271 3954 1382 4061; x_wconf 89' lang='lat' dir='ltr'>ipsam</span> <span class='ocrx_word' id='word_1_362' title='bbox 1410 3959 1675 4062; x_wconf 77' lang='lat' dir='ltr'>proferamuat&#39;</span> <span class='ocrx_word' id='word_1_363' title='bbox 1692 3958 1738 4039; x_wconf 86' lang='lat' dir='ltr'>de</span> <span class='ocrx_word' id='word_1_364' title='bbox 1763 3958 1897 4060; x_wconf 80' lang='lat' dir='ltr'>quibua</span> <span class='ocrx_word' id='word_1_365' title='bbox 1922 3959 1989 4061; x_wconf 84' lang='lat' dir='ltr'>pli·</span> 
     </span>
     <span class='ocr_line' id='line_1_32' title="bbox 263 4069 1985 4174; baseline -0.007 -12"><span class='ocrx_word' id='word_1_366' title='bbox 263 4100 355 4163; x_wconf 77' lang='lat' dir='ltr'>tero</span> <span class='ocrx_word' id='word_1_367' title='bbox 379 4102 399 4158; x_wconf 92' lang='lat' dir='ltr'>a</span> <span class='ocrx_word' id='word_1_368' title='bbox 425 4077 534 4158; x_wconf 91' lang='lat' dir='ltr'>latete</span> <span class='ocrx_word' id='word_1_369' title='bbox 557 4075 689 4171; x_wconf 83' lang='lat' dir='ltr'>dextro</span> <span class='ocrx_word' id='word_1_370' title='bbox 712 4076 751 4153; x_wconf 94' lang='lat' dir='ltr'>in</span> <span class='ocrx_word' id='word_1_371' title='bbox 775 4070 891 4151; x_wconf 90' lang='lat' dir='ltr'>modo</span> <span class='ocrx_word' id='word_1_372' title='bbox 916 4070 1106 4173; x_wconf 83' lang='lat' dir='ltr'>proferen-</span> <span class='ocrx_word' id='word_1_373' title='bbox 1131 4070 1199 4147; x_wconf 70' lang='lat' dir='ltr'>&#39;cia</span> <span class='ocrx_word' id='word_1_374' title='bbox 1214 4082 1287 4150; x_wconf 91' lang='lat' dir='ltr'>tam</span> <span class='ocrx_word' id='word_1_375' title='bbox 1301 4069 1426 4171; x_wconf 76' lang='lat' dir='ltr'>longia</span> <span class='ocrx_word' id='word_1_376' title='bbox 1440 4094 1550 4174; x_wconf 83' lang='lat' dir='ltr'>quam</span> <span class='ocrx_word' id='word_1_377' title='bbox 1564 4070 1734 4155; x_wconf 72' lang='lat' dir='ltr'>brevibus</span> <span class='ocrx_word' id='word_1_378' title='bbox 1750 4096 1860 4174; x_wconf 91' lang='lat' dir='ltr'>quam</span> <span class='ocrx_word' id='word_1_379' title='bbox 1878 4077 1985 4151; x_wconf 89' lang='lat' dir='ltr'>etiam</span> 
     </span>
     <span class='ocr_line' id='line_1_33' title="bbox 265 4178 1988 4293; baseline -0.006 -19"><span class='ocrx_word' id='word_1_380' title='bbox 265 4196 323 4287; x_wconf 82' lang='grc' dir='ltr'><strong>ιιι.</strong></span> <span class='ocrx_word' id='word_1_381' title='bbox 352 4202 498 4293; x_wconf 84' lang='lat' dir='ltr'>aparte</span> <span class='ocrx_word' id='word_1_382' title='bbox 522 4210 612 4268; x_wconf 78' lang='lat' dir='ltr'>vero</span> <span class='ocrx_word' id='word_1_383' title='bbox 640 4183 773 4264; x_wconf 83' lang='lat' dir='ltr'>linistra</span> <span class='ocrx_word' id='word_1_384' title='bbox 802 4184 951 4263; x_wconf 82' lang='lat' dir='ltr'>inseriae</span> <span class='ocrx_word' id='word_1_385' title='bbox 970 4186 1106 4286; x_wconf 86' lang='lat' dir='ltr'>imper·</span> <span class='ocrx_word' id='word_1_386' title='bbox 1145 4179 1427 4273; x_wconf 82' lang='lat' dir='ltr'>semibteribua,</span> <span class='ocrx_word' id='word_1_387' title='bbox 1456 4196 1531 4276; x_wconf 86' lang='lat' dir='ltr'>tam</span> <span class='ocrx_word' id='word_1_388' title='bbox 1561 4178 1778 4287; x_wconf 71' lang='lat' dir='ltr'>implicibut</span> <span class='ocrx_word' id='word_1_389' title='bbox 1808 4180 1917 4288; x_wconf 87' lang='lat' dir='ltr'>qnam</span> <span class='ocrx_word' id='word_1_390' title='bbox 1934 4183 1988 4263; x_wconf 90' lang='lat' dir='ltr'>li·</span> 
     </span>
     <span class='ocr_line' id='line_1_34' title="bbox 263 4290 1986 4407; baseline -0.006 -20"><span class='ocrx_word' id='word_1_391' title='bbox 263 4306 341 4387; x_wconf 83' lang='lat' dir='ltr'>ficit</span> <span class='ocrx_word' id='word_1_392' title='bbox 358 4302 490 4407; x_wconf 85' lang='lat' dir='ltr'>ipsam,</span> <span class='ocrx_word' id='word_1_393' title='bbox 503 4297 679 4380; x_wconf 82' lang='lat' dir='ltr'>sarciendo</span> <span class='ocrx_word' id='word_1_394' title='bbox 695 4320 773 4377; x_wconf 90' lang='lat' dir='ltr'>eam</span> <span class='ocrx_word' id='word_1_395' title='bbox 790 4298 960 4392; x_wconf 80' lang='lat' dir='ltr'>brevem,</span> <span class='ocrx_word' id='word_1_396' title='bbox 988 4298 1029 4376; x_wconf 91' lang='lat' dir='ltr'>iu</span> <span class='ocrx_word' id='word_1_397' title='bbox 1049 4290 1106 4377; x_wconf 89' lang='lat' dir='ltr'>su·</span> <span class='ocrx_word' id='word_1_398' title='bbox 1145 4294 1266 4397; x_wconf 76' lang='lat' dir='ltr'>gatit,&#39;</span> <span class='ocrx_word' id='word_1_399' title='bbox 1283 4294 1374 4374; x_wconf 85' lang='lat' dir='ltr'>infra</span> <span class='ocrx_word' id='word_1_400' title='bbox 1397 4318 1521 4377; x_wconf 83' lang='lat' dir='ltr'>earum</span> <span class='ocrx_word' id='word_1_401' title='bbox 1544 4296 1741 4400; x_wconf 88' lang='lat' dir='ltr'>capitulum</span> <span class='ocrx_word' id='word_1_402' title='bbox 1765 4294 1986 4379; x_wconf 80' lang='lat' dir='ltr'>ostendetur.</span> 
     </span>
     <span class='ocr_line' id='line_1_35' title="bbox 266 4400 1775 4556; baseline -0.007 -58"><span class='ocrx_word' id='word_1_403' title='bbox 266 4404 394 4525; x_wconf 80' lang='lat' dir='ltr'>perine¹</span> <span class='ocrx_word' id='word_1_404' title='bbox 410 4436 499 4493; x_wconf 80' lang='lat' dir='ltr'>aero</span> <span class='ocrx_word' id='word_1_405' title='bbox 522 4403 771 4491; x_wconf 76' lang='lat' dir='ltr'>semibrerem.&#39;</span> <span class='ocrx_word' id='word_1_406' title='bbox 796 4406 839 4488; x_wconf 90' lang='lat' dir='ltr'>lu</span> <span class='ocrx_word' id='word_1_407' title='bbox 860 4400 1025 4511; x_wconf 74' lang='lat' dir='ltr'>ruperim</span> <span class='ocrx_word' id='word_1_408' title='bbox 1043 4430 1106 4488; x_wconf 80' lang='lat' dir='ltr'>ve·</span> <span class='ocrx_word' id='word_1_409' title='bbox 1200 4405 1205 4506; x_wconf 54' lang='lat' dir='ltr'>j</span> <span class='ocrx_word' id='word_1_410' title='bbox 1338 4466 1541 4555; x_wconf 54' lang='grc' dir='ltr'>ΠΜ,</span> <span class='ocrx_word' id='word_1_411' title='bbox 1550 4468 1700 4555; x_wconf 61' lang='lat' dir='ltr'>nus</span> <span class='ocrx_word' id='word_1_412' title='bbox 1733 4472 1775 4556; x_wconf 72' lang='lat' dir='ltr'>H</span> 
     </span>
    </p>

    <p class='ocr_par' dir='ltr' id='par_1_3' title="bbox 268 4514 1787 4634">
     <span class='ocr_line' id='line_1_36' title="bbox 268 4514 1787 4634; baseline -0.009 -23"><span class='ocrx_word' id='word_1_413' title='bbox 268 4554 313 4631; x_wconf 85' lang='lat' dir='ltr'>ro</span> <span class='ocrx_word' id='word_1_414' title='bbox 343 4524 520 4634; x_wconf 75' lang='lat' dir='ltr'>pruentia</span> <span class='ocrx_word' id='word_1_415' title='bbox 549 4524 749 4627; x_wconf 72' lang='lat' dir='ltr'>proprietas</span> <span class='ocrx_word' id='word_1_416' title='bbox 775 4522 914 4631; x_wconf 87' lang='lat' dir='ltr'>semper</span> <span class='ocrx_word' id='word_1_417' title='bbox 943 4514 1107 4623; x_wconf 85' lang='lat' dir='ltr'>imperii·</span> <span class='ocrx_word' id='word_1_418' title='bbox 1776 4527 1787 4551; x_wconf 82' lang='lat'><em>⁰</em></span> 
     </span>
    </p>

    <p class='ocr_par' dir='ltr' id='par_1_4' title="bbox 269 4603 1678 4738">
     <span class='ocr_line' id='line_1_37' title="bbox 269 4603 1678 4738; baseline -0.009 -17"><span class='ocrx_word' id='word_1_419' title='bbox 269 4646 320 4738; x_wconf 78' lang='lat' dir='ltr'>cit</span> <span class='ocrx_word' id='word_1_420' title='bbox 343 4653 492 4735; x_wconf 81' lang='lat' dir='ltr'>notam3</span> <span class='ocrx_word' id='word_1_421' title='bbox 520 4637 622 4718; x_wconf 81' lang='lat' dir='ltr'>cuiue</span> <span class='ocrx_word' id='word_1_422' title='bbox 645 4637 737 4715; x_wconf 88' lang='lat' dir='ltr'>ratio</span> <span class='ocrx_word' id='word_1_423' title='bbox 768 4635 838 4724; x_wconf 80' lang='lat' dir='ltr'>est,</span> <span class='ocrx_word' id='word_1_424' title='bbox 860 4633 945 4738; x_wconf 91' lang='lat' dir='ltr'>quia</span> <span class='ocrx_word' id='word_1_425' title='bbox 973 4636 1011 4711; x_wconf 90' lang='lat' dir='ltr'>in</span> <span class='ocrx_word' id='word_1_426' title='bbox 1037 4656 1108 4713; x_wconf 90' lang='lat' dir='ltr'>uo·</span> <span class='ocrx_word' id='word_1_427' title='bbox 1460 4603 1518 4689; x_wconf 70' lang='lat'>90</span> <span class='ocrx_word' id='word_1_428' title='bbox 1546 4607 1678 4709; x_wconf 66' lang='lat' dir='ltr'>Fausti·</span> 
     </span>
    </p>
   </div>
   <div class='ocr_carea' id='block_1_3' title="bbox 268 4740 1992 5174">
    <p class='ocr_par' dir='ltr' id='par_1_5' title="bbox 268 4740 1989 4850">
     <span class='ocr_line' id='line_1_38' title="bbox 268 4740 1989 4850; baseline -0.006 -12"><span class='ocrx_word' id='word_1_429' title='bbox 268 4768 307 4839; x_wconf 86' lang='lat' dir='ltr'>te</span> <span class='ocrx_word' id='word_1_430' title='bbox 335 4754 388 4834; x_wconf 86' lang='lat' dir='ltr'>eli</span> <span class='ocrx_word' id='word_1_431' title='bbox 414 4765 502 4835; x_wconf 84' lang='lat' dir='ltr'>tota</span> <span class='ocrx_word' id='word_1_432' title='bbox 517 4748 709 4847; x_wconf 80' lang='lat' dir='ltr'>substantia</span> <span class='ocrx_word' id='word_1_433' title='bbox 733 4756 880 4825; x_wconf 81' lang='lat' dir='ltr'>cantur:</span> <span class='ocrx_word' id='word_1_434' title='bbox 909 4768 992 4823; x_wconf 90' lang='lat' dir='ltr'>nam</span> <span class='ocrx_word' id='word_1_435' title='bbox 1020 4768 1108 4848; x_wconf 80' lang='lat' dir='ltr'>pru-</span> <span class='ocrx_word' id='word_1_436' title='bbox 1161 4828 1163 4834; x_wconf 75' lang='grc'>,</span> <span class='ocrx_word' id='word_1_437' title='bbox 1205 4744 1376 4849; x_wconf 79' lang='lat' dir='ltr'>Sequitur</span> <span class='ocrx_word' id='word_1_438' title='bbox 1410 4742 1535 4827; x_wconf 76' lang='lat' dir='ltr'>&#39;ridere</span> <span class='ocrx_word' id='word_1_439' title='bbox 1556 4746 1604 4825; x_wconf 90' lang='lat' dir='ltr'>de</span> <span class='ocrx_word' id='word_1_440' title='bbox 1639 4740 1755 4850; x_wconf 76' lang='lat' dir='ltr'>ptulit</span> <span class='ocrx_word' id='word_1_441' title='bbox 1780 4743 1989 4829; x_wconf 84' lang='lat' dir='ltr'>immediate</span> 
     </span>
    </p>

    <p class='ocr_par' dir='ltr' id='par_1_6' title="bbox 271 4850 1992 4972">
     <span class='ocr_line' id='line_1_39' title="bbox 271 4850 1992 4972; baseline -0.005 -25"><span class='ocrx_word' id='word_1_442' title='bbox 271 4868 403 4972; x_wconf 78' lang='lat' dir='ltr'>prietes</span> <span class='ocrx_word' id='word_1_443' title='bbox 431 4861 505 4942; x_wconf 86' lang='lat' dir='ltr'>sule</span> <span class='ocrx_word' id='word_1_444' title='bbox 526 4877 615 4941; x_wconf 92' lang='lat' dir='ltr'>nota</span> <span class='ocrx_word' id='word_1_445' title='bbox 633 4882 714 4966; x_wconf 85' lang='lat' dir='ltr'>¹unu</span> <span class='ocrx_word' id='word_1_446' title='bbox 742 4857 826 4938; x_wconf 87' lang='lat' dir='ltr'>lacit</span> <span class='ocrx_word' id='word_1_447' title='bbox 852 4864 1016 4969; x_wconf 82' lang='lat' dir='ltr'>cantare3</span> <span class='ocrx_word' id='word_1_448' title='bbox 1047 4850 1106 4936; x_wconf 84' lang='lat' dir='ltr'>sed</span> <span class='ocrx_word' id='word_1_449' title='bbox 1148 4858 1383 4966; x_wconf 76' lang='lat' dir='ltr'>polluendas</span> <span class='ocrx_word' id='word_1_450' title='bbox 1408 4857 1444 4938; x_wconf 70' lang='grc' dir='ltr'><strong>ιι</strong></span> <span class='ocrx_word' id='word_1_451' title='bbox 1469 4862 1735 4962; x_wconf 87' lang='lat' dir='ltr'>proprietates,</span> <span class='ocrx_word' id='word_1_452' title='bbox 1773 4860 1810 4937; x_wconf 77' lang='grc' dir='ltr'><strong>δι</strong></span> <span class='ocrx_word' id='word_1_453' title='bbox 1836 4858 1912 4938; x_wconf 88' lang='lat' dir='ltr'>hoc</span> <span class='ocrx_word' id='word_1_454' title='bbox 1936 4884 1992 4938; x_wconf 88' lang='lat' dir='ltr'>ra·</span> 
     </span>
    </p>

    <p class='ocr_par' dir='ltr' id='par_1_7' title="bbox 269 4967 1992 5174">
     <span class='ocr_line' id='line_1_40' title="bbox 269 4967 1992 5076; baseline -0.008 -14"><span class='ocrx_word' id='word_1_455' title='bbox 269 4982 364 5062; x_wconf 90' lang='lat' dir='ltr'>bene</span> <span class='ocrx_word' id='word_1_456' title='bbox 388 4990 476 5055; x_wconf 90' lang='lat' dir='ltr'>nota</span> <span class='ocrx_word' id='word_1_457' title='bbox 502 4972 575 5054; x_wconf 89' lang='lat' dir='ltr'>line</span> <span class='ocrx_word' id='word_1_458' title='bbox 597 4967 950 5076; x_wconf 60' lang='lat' dir='ltr'>proponentem</span> <span class='ocrx_word' id='word_1_459' title='bbox 974 4972 1013 5047; x_wconf 90' lang='lat' dir='ltr'>in</span> <span class='ocrx_word' id='word_1_460' title='bbox 1038 4968 1107 5047; x_wconf 88' lang='lat' dir='ltr'>ho·</span> <span class='ocrx_word' id='word_1_461' title='bbox 1148 4971 1394 5070; x_wconf 77' lang='lat' dir='ltr'>tiombiliter5</span> <span class='ocrx_word' id='word_1_462' title='bbox 1423 4992 1509 5051; x_wconf 85' lang='lat' dir='ltr'>nam</span> <span class='ocrx_word' id='word_1_463' title='bbox 1525 4968 1692 5076; x_wconf 86' lang='lat' dir='ltr'>opposita</span> <span class='ocrx_word' id='word_1_464' title='bbox 1706 4973 1809 5055; x_wconf 83' lang='lat' dir='ltr'>iuxta</span> <span class='ocrx_word' id='word_1_465' title='bbox 1824 4971 1860 5051; x_wconf 86' lang='lat' dir='ltr'>se</span> <span class='ocrx_word' id='word_1_466' title='bbox 1876 4970 1992 5072; x_wconf 78' lang='lat' dir='ltr'>posta</span> 
     </span>
     <span class='ocr_line' id='line_1_41' title="bbox 324 5074 1938 5174; baseline -0.007 0"><span class='ocrx_word' id='word_1_467' title='bbox 324 5080 941 5174; x_wconf 71' lang='lat' dir='ltr'>senaaoarsaamrlumrcr.</span> <span class='ocrx_word' id='word_1_468' title='bbox 969 5076 1089 5166; x_wconf 77' lang='lat' dir='ltr'>l-’.lll</span> <span class='ocrx_word' id='word_1_469' title='bbox 1470 5074 1508 5165; x_wconf 84' lang='lat' dir='ltr'>R</span> <span class='ocrx_word' id='word_1_470' title='bbox 1859 5105 1938 5163; x_wconf 88' lang='lat' dir='ltr'>na-</span> 
     </span>
    </p>
   </div>
   <div class='ocr_carea' id='block_1_4' title="bbox 0 0 2380 6022">
    <p class='ocr_par' dir='ltr' id='par_1_8' title="bbox 0 0 2380 6022">
     <span class='ocr_line' id='line_1_42' title="bbox 0 0 2380 6022; baseline 0 0"><span class='ocrx_word' id='word_1_471' title='bbox 0 0 2380 6022; x_wconf 95' lang='lat' dir='ltr'> </span> 
     </span>
    </p>
   </div>
  </div>
 </body>
</html>
