4750 6025
1512 483 1977 575 Musica
2065 485 2957 576 specumrrvs.
3729 470 3950 580 261

560 665 856 771 Hasque
909 666 1243 752 melodias
1312 690 1645 750 umeros
1692 669 1876 749 'dare
1919 665 2137 749 clari-
2275 667 2580 775 praesens
2631 666 2859 770 figura
2921 663 3240 760 claudit,
3300 665 3645 751 exhibere
3705 667 3967 773 sigilla-

1178 781 1496 881 ficantes.
2072 779 2075 784 ’
2275 784 2411 861 tim
2458 779 2745 860 favente
2790 780 3104 862 domino
3142 778 3319 860 Deo
3360 779 3516 864 lesu
3557 780 3874 866 Christo.

613 892 777 977 Hac
819 892 1052 996 figura
1108 893 1745 974 consonantiarum
1797 895 1874 971 iu
1928 888 2195 972 mulica
2826 888 3295 970 Taenarus
3358 890 3413 973 1.

503 1004 978 1112 persestarum
1048 1009 1304 1086 omnia
1361 1008 1716 1109 principia
1780 1004 1859 1084 ἀ
1930 1007 2190 1082 omues
2272 1002 2450 1110 Qua
2514 1001 2839 1103 diapente
2887 1000 3105 1102 sonat
3126 1059 3148 1092 ,
3202 1001 3539 1105 dIapason
3596 1002 3808 1102 habet
3832 1004 3966 1107 su-

503 1115 1012 1198 couclufloues
1068 1113 1354 1197 muficae
1388 1113 1962 1219 quodammodo
2009 1139 2191 1194 cou-
2457 1140 2463 1146 ·
2964 1129 3252 1214 perure.

501 1232 832 1309 tinentur
887 1233 965 1308 in
1024 1232 1288 1308 virtute
1347 1224 1508 1331 [(a)
1545 1230 1918 1330 'quoniam
1983 1224 2034 1304 fi
2089 1226 2194 1305 es-
2389 1222 2660 1309 Omnis
2701 1230 3094 1327 proportio
3132 1227 3788 1329 superparticularis
3828 1231 3967 1307 mi-

498 1339 605 1420 set
640 1343 956 1421 exterius
984 1340 1296 1419 enodata
1338 1338 1493 1419 to'ta
1526 1336 1830 1426 mufica,
1872 1341 2191 1418 exterius
2273 1360 2418 1416 nor
2454 1339 2553 1415 est
2588 1339 3078 1441 proportione
3112 1339 3494 1440 multiplici
3529 1398 3552 1429 ,
3612 1343 3961 1443 quoniam

502 1466 680 1533 nota
724 1453 934 1532 foret.
997 1451 1141 1531 Sed
1197 1453 1350 1532 haec
1404 1449 1664 1532 mufica
1710 1447 1906 1553 quali
1957 1472 2187 1530 unum
2276 1448 2661 1551 multiplex
2722 1472 3068 1536 numerus
3145 1454 3476 1531 continet
3570 1448 3963 1532 numerum

504 1564 778 1654 chaos,
841 1568 918 1645 iu
992 1586 1148 1666 quo
1227 1561 1513 1641 latitant
1588 1562 1831 1664 plures
1899 1561 2186 1652 forme,
2274 1564 2646 1644 minorem
2720 1559 3166 1663 aliquotiens
3240 1565 3565 1663 integre,
3626 1563 3966 1654 videlicet

502 1677 744 1782 potest
789 1673 1309 1756 rationabiliter
1361 1670 1745 1777 appellari,
1803 1697 1842 1751 a
1897 1697 2038 1776 qua
2090 1673 2195 1753 se-
2273 1674 2387 1752 bis
2424 1687 2553 1753 aut
2589 1687 2737 1762 ter,
2789 1673 2900 1751 vel
2938 1691 3227 1775 quater,
3292 1676 3405 1752 vel
3439 1676 3726 1777 pluries.
3819 1673 3963 1758 Sed

506 1789 835 1870 cundum
888 1789 1052 1890 plus
1103 1788 1178 1864 δι
1223 1785 1462 1867 minus
1502 1783 2006 1866 conclufiones
2055 1809 2190 1874 no,-
2274 1783 2933 1887 superparticularis
2966 1808 3312 1864 numerus
3343 1811 3745 1890 numquam
3778 1814 3963 1868 con·

499 1899 861 1979 biliffimas
935 1894 1452 1978 considerantis
1529 1895 1856 1998 segregat
1915 1896 2193 1975 intelle·
2273 1899 2463 1978 tinet
2495 1897 2604 1974 bis
2660 1899 3043 1975 minorem·
3066 1921 3454 1978 numerum
3480 1954 3502 1988 ,
3575 1899 3694 1977 sed
3745 1901 3962 1981 semel

502 2011 660 2094 &us
688 2067 711 2100 .
773 2035 963 2094 uuus
993 2013 1191 2090 enim
1246 2011 1338 2090 ab
1409 2033 1489 2089 ea
1545 2009 1834 2088 haurire
1887 2011 2185 2110 poterit,
2272 2008 2521 2111 quoad
2574 2005 2886 2110 aliquam
2930 2011 3085 2089 eius
3123 2026 3441 2110 partem,
3487 2023 3568 2090 ut
3618 2013 3963 2105 mediam,

502 2123 712 2228 quod
757 2122 931 2203 alter
990 2144 1391 2225 numquam
1451 2122 1667 2199 videt.
1762 2112 2188 2217 Quomodo
2271 2120 2607 2209 tertiam,
2652 2135 3025 2222 quartam,
3070 2123 3144 2200 δε
3193 2118 3288 2201 fic
3330 2123 3423 2200 de
3467 2127 3743 2204 caeteris
3784 2125 3962 2206 sem-

501 2249 746 2316 autem
796 2235 889 2315 de
938 2233 1429 2314 consonantiis
1488 2232 1652 2325 suut
1713 2234 1789 2310 in
1843 2229 1995 2318 fine·
2047 2233 2190 2312 cir-
2268 2253 2405 2336 per
2448 2230 2795 2330 augendo
2836 2247 3071 2333 partes
3119 2235 3198 2315 Gr
3238 2233 3641 2317 minuendo
3691 2251 3963 2317 totum.

502 2347 684 2426 culis
747 2344 1110 2447 figuratae,
1171 2345 1388 2424 debet
1435 2344 1743 2424 concedi
1794 2367 1936 2446 pro
1986 2346 2188 2446 prin-
2388 2338 2631 2423 Modo
2705 2343 3178 2423 consonantia
3243 2346 3579 2447 diapente
3664 2365 3964 2431 notatur

501 2461 710 2560 cipiis
775 2457 991 2538 huius
1058 2458 1282 2553 artis;
1342 2479 1508 2537 nam
1567 2458 2044 2558 experiuntur
2095 2478 2190 2533 ex
2249 2454 2348 2534 'in
2421 2453 3045 2555 superparticulari
3114 2462 3648 2560 proportione,
3726 2462 3965 2563 diapa-

499 2584 756 2650 uatura
810 2572 914 2647 rei
947 2592 1062 2649 eas
1119 2568 1538 2647 homiuibus
1575 2566 1974 2647 revelantis.
2077 2564 2189 2649 0-
2271 2565 2406 2645 sou
2466 2567 2541 2644 in
2607 2565 2995 2667 multiplici
3068 2591 3194 2669 per
3269 2566 3579 2668 figuram
3656 2574 3966 2652 circulo-

503 2694 758 2784 portet
797 2681 995 2763 euim
1053 2680 1457 2760 concedere
1517 2702 1691 2759 eum
1718 2733 1742 2768 .
1804 2680 1935 2782 qui
1990 2676 2190 2756 addi-
2271 2699 2460 2756 rum.
2509 2674 2712 2778 Ergo
2741 2676 3078 2779 diapente
3115 2680 3483 2780 superatur
3516 2707 3558 2761 a
3595 2683 3961 2786 diapason.

499 2791 684 2888 scit;
725 2791 942 2896 -quod
1011 2789 1062 2868 sn
1135 2814 1285 2870 non
1352 2790 1708 2876 concedat
1731 2846 1754 2880 .
1816 2790 1906 2868 ad
1968 2811 2191 2890 expe-
2275 2787 2699 2885 Quomodo
2744 2801 2991 2868 autem
3038 2789 3310 2892 species
3355 2792 3793 2896 multiplices
3840 2816 3965 2878 au·

499 2902 832 2989 rientiam
896 2919 1260 2992 recurrat.
1317 2903 1393 2981 δι
1459 2915 1713 2980 cautus
1787 2904 1924 2987 erit
1974 2902 2187 2980 ,omni
2271 2915 2546 3004 gantur
2586 2922 3069 2982 numerorum
3119 2904 3380 2984 ordine
3425 2908 3768 2997 naturali.
3810 2906 3968 3013 spe-

500 3018 973 3117 ambiguitate
1048 3029 1348 3095 remota.
1455 3010 1592 3101 His
1658 3016 1903 3115 itaque
1965 3010 2063 3093 sic
2122 3012 2197 3096 se
2273 3014 2421 3093 cies
2464 3024 2708 3091 autem
2769 3009 3424 3116 superparticularis
3477 3020 3736 3098 ordine
3787 3044 3968 3100 con-

504 3128 933 3212 habentibus
997 3129 1136 3205 iam
1194 3140 1482 3226 tempus
1543 3126 1686 3212 est,
1744 3123 1962 3204 huius
2007 3122 2196 3233 figu-
2276 3124 2505 3204 trario
2554 3138 3070 3217 numerantur.
3108 3151 3220 3220 ‚ac
3258 3126 3308 3205 fi
3353 3131 3660 3209 modum
3718 3134 3797 3210 ὅτ
3842 3156 3968 3215 na-

505 3264 603 3321 rae
654 3241 986 3344 mysteria
1034 3239 1109 3317 ez
1172 3236 1439 3319 inclusa
1492 3234 1836 3313 mirabilia
1897 3230 2196 3314 exhibe-
2277 3248 2518 3315 turam
2582 3237 2997 3336 quantitatis
3068 3238 3526 3321 observarent
3597 3246 3970 3325 contiuuae

501 3375 585 3434 re
641 3344 1071 3455 figillatimJ.
1185 3343 1557 3430 Volumus
1618 3347 1911 3451 itaque,
1978 3345 2195 3451 quod
2277 3346 2359 3427 ἃ.
2411 3342 2774 3438 discrete,
2830 3362 3060 3454 prout
3104 3351 3179 3431 iu
3226 3350 3458 3453 figura
3509 3354 3851 3461 sequenti.

2950 3578 3094 3662 Sed
3140 3583 3215 3660 iu
3264 3580 3402 3663 hac
3440 3583 3750 3668 secunda
3790 3589 3971 3669 inci·

2840 3694 3039 3793 pitur
3078 3717 3119 3771 a
3161 3693 3313 3773 duo
3353 3691 3442 3777 ad
3494 3715 3562 3789 3.
3604 3696 3966 3801 sequentia

2873 3817 3006 3882 unt
3036 3805 3113 3882 iu
3148 3804 3763 3907 superparticulari
3798 3836 3968 3915 pro-

618 3578 788 3685 [(b)
813 3579 898 3663 lu
930 3582 1067 3663 hac
1095 3579 1282 3659 linea
1321 3578 1483 3662 sunt
1508 3603 1640 3662 ev-
2691 3658 2773 3709 ω

2671 3706 2749 3895 Ξ
2840 3802 2882 3882 s

2627 4025 2628 4028 w
2670 3896 2757 4078 ’ξ
2838 3913 3229 4015 portione.
3291 3920 3460 4022 quia
3512 3926 3846 4001 continet
3896 3945 3965 4003 2.

2695 4064 2772 4125 ο.

2695 4126 2775 4379 ἕ

500 3692 675 3776 dem
712 3692 999 3796 figurae.
1038 3716 1198 3796 quae
1228 3693 1306 3771 in
1343 3691 1642 3795 sequen·

509 3819 583 3887 te
606 3862 629 3894 ‚
685 3806 806 3887 sed
855 3805 988 3884 alia
1045 3805 1326 3884 ratione
1374 3802 1640 3884 dicitur

508 3918 1024 4020 multiplicium
1051 3972 1072 4004 ,
1123 3917 1289 4017 quia
1333 3910 1643 3995 seoeuda

503 4028 599 4110 ad
643 4032 951 4132 primam
996 4026 1217 4131 dupla
1257 4025 1394 4114 est.
1438 4038 1525 4107 ut
1566 4046 1636 4104 α.
1725 4110 1780 4152 o

506 4139 600 4223 ad
631 4163 863 4222 unum
883 4196 907 4231 ,
949 4140 1025 4217 ἀ
1063 4140 1272 4218 tertia
1309 4136 1516 4240 tripla
1549 4136 1646 4219 ad.
1722 4154 1778 4252 g

502 4251 745 4339 idem.
796 4252 873 4328 δι
916 4263 1169 4351 quarta
1209 4245 1642 4356 quadrupla,

510 4360 588 4439 St
651 4354 750 4439 fic
812 4358 918 4438 est
980 4357 1074 4440 de
1135 4357 1482 4439 omnibus
1542 4360 1648 4438 se·

506 4472 927 4575 quentibus.

1721 3775 1802 3867 Ξ

1722 3872 1803 3980 Ξ-

1699 4007 1804 4108 Eg
1840 4025 1843 4041 ⁹
2842 4028 2921 4106 δι
2960 4031 3112 4110 eius
3155 4028 3476 4108 medium
3500 4087 3520 4118 .
3557 4033 3632 4110 δε
3673 4032 3767 4113 fic
3806 4059 3966 4116 oru-

2842 4161 2969 4218 nes
3016 4139 3394 4243 sequentes
3442 4166 3595 4223 non
3646 4145 3969 4228 referun-

2842 4263 2963 4330 tur
3017 4249 3108 4329 ad
3169 4256 3491 4354 primum
3550 4280 3964 4349 numerum.

2842 4376 2930 4450 ut
2967 4365 3047 4441 in
3087 4365 3520 4465 praecedeuti
3542 4423 3565 4456 .
3611 4366 3730 4449 sed
3760 4372 3966 4473 quili-

2844 4474 2969 4553 bet
2996 4490 3461 4578 comparatur
3486 4480 3575 4558 ad
3602 4484 3971 4562 immedia-

2845 4599 2919 4666 te
2953 4585 3181 4688 ipsum
3218 4589 3767 4689 praecedentem.
3816 4595 3971 4675 Uu-

2845 4696 2939 4777 de
2979 4696 3357 4780 suffecisset
3398 4725 3589 4784 uuus
3630 4701 3885 4801 ordo]

2783 4876 3983 5012 Μ

2788 5020 2898 5073 tar.
3191 5011 3246 5074 K
3266 5012 3310 5073 k
3345 5027 3387 5088 3
3825 5022 3893 5079 Iu

510 4871 1711 5069 ww
1861 5002 1866 5006 ,
