4750 6025
773 574 1006 691 292
1876 564 2398 652 tom-ms
2486 564 2649 649 nt.
2734 566 3118 652 Murus

1726 717 2635 862 SECUNDUS
2733 748 3265 861 LIBER.

788 1029 796 1037 ,
921 928 1601 1047 SEQUITUR,
1669 929 1986 1033 Qum
2050 930 2692 1066 Maorsrnn
2748 930 3390 1065 mammes
3459 929 3623 1012 nn
3692 929 4073 1016 mulus

1359 1081 1609 1146 ”1002
1671 1080 1776 1146 ΠΒ
1838 1082 2235 1139 Pnacnca
2297 1077 2646 1149 munet,
2706 1080 2848 1139 ΕΒΗ
2913 1081 3015 1137 D!
3078 1080 3647 1139 mssnsvmmu.

1553 1270 1558 1276 -
1719 1192 1886 1302 Ex
1943 1184 2263 1301 eodem
2324 1185 2691 1300 Codice
2739 1179 3275 1321 Parg’siergst‘.
3331 1209 3343 1220 ·

767 1341 1278 1588 Quoniam
1357 1413 1434 1490 in
1505 1407 1926 1512 antepofitis
2000 1407 2487 1488 sermonibus-
2542 1409 2666 1498 ni,
2712 1406 3187 1519 quod-abest,
3230 1407 3298 1486 se
3346 1405 3810 1492 crediderunt
3844 1408 4228 1492 invenisse:

1010 1526 1434 1606 'theoricam
1471 1522 2050 1607 mufioeleniter
2085 1522 2472 1621 tetigimus!
2540 1541 2863 1623 quorum
2935 1521 3250 1599 intentio
3304 1521 3376 1598 in
3426 1520 3917 1624 'sequentibus
3973 1523 4232 1604 clarina

768 1643 843 1722 δι
896 1642 971 1718 in
1025 1640 1275 1727 brevi,
1337 1658 1538 1715 nunc
1586 1657 1890 1739 quoque
1943 1632 2035 1712 de
2086 1634 2238 1713 eius
2298 1655 2463 1736 pra·
2544 1639 2982 1737 exponetur.

767 1754 944 1832 elica
995 1775 1073 1828 ea
1116 1761 1354 1851 parte,
1416 1770 1561 1849 qua
1609 1744 2102 1828 mensurabilis
2144 1743 2288 1833 est,
2349 1765 2464 1821 re-
2818 1740 3001 1822 Item
3044 1742 3230 1820 idem
3276 1739 3571 1821 Ioannes
3619 1744 3703 1823 de
3747 1743 3999 1825 Mure.

731 1865 900 1942 'stat
956 1860 1274 1941 diffufius
1329 1859 1892 1961 inquirendum,
1946 1879 2118 1936 cum
2174 1854 2267 1934 de
2314 1852 2462 1956 ipsa
2658 1853 2895 1951 Quod
2939 1868 3181 1935 autem
3231 1856 3307 1932 in
3348 1853 3665 1936 ternario
3710 1858 4025 1961 quiescat
4062 1882 4231 1939 om-

771 1973 1021 2056 diverli
1067 1968 1544 2060 diversimode
1605 1969 1911 2050 sentiant
1969 1966 2459 2074 praelicantes.
2544 1968 2656 2046 nis
2699 1965 3081 2069 perfectio,
3125 1979 3325 2069 patet
3375 1990 3466 2045 ex
3529 1969 3778 2048 multis
3816 1970 4230 2051 ‘verifimili-

770 2087 878 2173 Ut
935 2089 1009 2164 in
1055 2088 1297 2188 primo
1340 2081 1702 2165 ostensum
1764 2081 1910 2172 est,
1967 2102 2120 2159 vox
2158 2100 2463 2182 genera-
2544 2081 2679 2159 bus
2712 2080 3180 2158 coniecturis.
3271 2076 3843 2172 IniDeo'enim,
3904 2086 4033 2187 qui
4072 2108 4235 2187 per-

768 2214 889 2281 tur
921 2223 1093 2286 cum
1132 2210 1386 2283 motu,
1427 2215 1599 2273 cum
1643 2191 1729 2273 fit
1761 2192 1851 2278 de
1889 2215 2159 2293 genere
2192 2187 2463 2270 succes·
2512 2188 2950 2272 ‘fefflffimus
3012 2191 3160 2279 est,
3229 2194 3463 2270 unitas
3523 2192 3624 2271 est
3690 2196 3769 2271 in
3826 2193 4226 2287 substantia,

767 2309 1128 2396 fivorum,
1189 2307 1358 2390 ideo
1423 2303 1724 2408 quando
1777 2302 1880 2399 fit
1913 2302 2053 2392 est,
2111 2302 2232 2381 fed
2287 2323 2459 2391 cum
2546 2304 2826 2394 trinitas
2904 2304 2979 2380 in
3058 2300 3437 2406 personis3
3524 2303 3625 2383 est
3702 2307 3931 2408 igitur
4000 2312 4231 2388 trinua

765 2423 944 2509 fafla
991 2421 1128 2508 est,
1184 2441 1371 2499 non.
1403 2417 1521 2496 est.
1610 2411 1971 2496 Succeffio
2032 2438 2189 2492 non
2231 2412 2332 2492 est
2375 2408 2466 2492 fi-
2547 2436 2781 2504 unua,
2845 2413 2925 2493 δι
2977 2437 3168 2494 nnus
3216 2415 3497 2510 trinus;
3555 2419 3870 2497 maxima
3907 2443 4092 2522 ergo
4133 2421 4236 2500 est

767 2559 867 2614 ne
917 2547 1150 2611 motu.
1236 2527 1571 2630 Tempus
1617 2525 2170 2630 inseparabiliter
2217 2524 2466 2603 inserit
2544 2528 3050 2607 convenientia
3112 2527 3422 2605 unitatis.
3474 2526 3563 2606 ad
3625 2532 4043 2611 trinitatem.
4144 2531 4229 2613 In
4359 2616 4367 2622 ,

770 2661 1088 2726 motum.
1183 2639 1420 2742 Igitur
1467 2634 1738 2719 vocem'
1793 2634 2194 2721 neceffario:
2234 2658 2464 2739 opor·-
2544 2638 3021 2739 intelligentia
3100 2639 3348 2740 primo
3436 2638 3737 2720 divisum
3816 2642 4232 2740 (dicimus)

768 2771 883 2847 tet
926 2748 1264 2856 tempore
1323 2751 1746 2841 mensurari..
1825 2747 1939 2830 Est
1988 2763 2232 2828 autem
2276 2763 2464 2828 teme
2545 2747 2686 2828 effe
2725 2751 2834 2828 δε.
2883 2763 3314 2847 concretum
3345 2805 3369 2839 ,
3432 2752 3506 2828 δι
3573 2751 4071 2856 compofitum
4136 2780 4229 2836 ex

769 2894 912 2975 pus
964 2866 1290 2947 mensura
1332 2875 1603 2965 motus.
1689 2860 1832 2948 Sed
1871 2856 1994 2940 hic
2028 2875 2328 2963 tempus·
2359 2858 2470 2967 est
2548 2861 2660 2957 hia
2718 2858 2847 2942 sub
2879 2874 3221 2943 ‘numero
3283 2865 3597 2944 ternario
3653 2869 4031 2968 reperitur.
4146 2867 4233 2950 In

773 2980 1103 3064 mensura
1150 2977 1352 3064 vocis
1401 2975 1696 3079 prolatae
1747 2996 1918 3053 cum
1970 2985 2184 3058 motu
2228 2973 2470 3052 conti-
2548 2975 2795 3077 primo
2849 2994 3255 3077 corporum
3317 2973 3520 3055 coelo
3578 2999 3881 3058 movens
3910 3036 3933 3070 ,
3996 2980 4234 3061 mobi-

773 3119 978 3181 nuo:
1027 3090 1280 3179 eadem
1326 3101 1568 3168 autem
1612 3083 1943 3181 definitio
1989 3086 2344 3190 temporis
2388 3084 2465 3163 dt.
2546 3085 2656 3174 le,
2716 3099 3029 3190 tempuS.
3071 3082 3285 3176 ,Tria
3346 3086 3510 3166 sunt
3555 3087 3629 3166 in
3679 3090 3894 3171 stellis
3947 3094 4020 3171 ἃ
4061 3094 4232 3183 sole,

777 3211 997 3289 unius
1038 3202 1445 3303 affignatur.
1953 3225 2005 3258 -·
2548 3196 2799 3293 calor,
2868 3197 3158 3287 radiae,
3236 3196 3631 3300 splendor:
3710 3204 3783 3279 in
3860 3202 4234 3285 elementis

885 3317 1219 3418 Tempus
1255 3311 1450 3394 aliud
1493 3310 1720 3393 maius
1757 3304 1951 3390 aliud
1993 3309 2271 3390 minus:
2315 3330 2469 3387 ma·
2503 3335 2514 3343 ·
2548 3308 2734 3388 attio
2766 3364 2789 3397 ,
2869 3304 3089 3411 pallio
3117 3364 3145 3401 ,
3234 3312 3522 3389 materia
3558 3334 3577 3389 ε
3683 3314 3758 3391 in
3844 3316 4234 3398 individuis

772 3436 931 3517 ius,
985 3426 1193 3531 quod
1252 3439 1547 3504 motum
1610 3420 2130 3525 prolixiorem,
2190 3421 2463 3513 minus,
2547 3423 2968 3523 generatio,
3009 3423 3441 3521 corruptio,
3483 3422 3919 3516 subiectum:
3964 3431 4036 3508 in
4071 3454 4233 3509 om-

775 3543 983 3647 quOd
1011 3540 1420 3619 breviorem
1458 3534 1674 3614 habet
1709 3537 1980 3613 c‘aet‘eris
2011 3532 2317 3620 eisdem,
2360 3530 2467 3609 se·
2549 3534 2624 3609 ni
2667 3545 3004 3636 tempore
3054 3528 3307 3609 finibili
3348 3535 3831 3637 principium,
3876 3542 4229 3633 medium,

774 3653 1101 3739 cundum
1177 3673 1394 3735 unam
1476 3646 2162 3735 dinumerationem,
2282 3641 2466 3726 Haec
2546 3642 2755 3723 finis:
2815 3647 2892 3722 in
2946 3646 3151 3723 omni
3207 3645 3474 3725 morbo
3526 3651 3822 3728 curabili
3880 3677 4238 3755 augmen·

773 3780 1019 3847 autem
1064 3763 1297 3865 specie
1353 3782 1504 3838 non
1545 3754 1895 3837 'differunt
1913 3779 1939 3852 3
2000 3778 2166 3834 nam
2231 3755 2490 3856 magis⁴
2548 3768 2747 3845 tum,
2810 3755 3067 3842 status,
3129 3754 3543 3836 declinatio.
3635 3760 3819 3842 Tres
3864 3770 4237 3867 operatio..

776 3881 851 3958 &
904 3880 1145 3955 minus
1186 3874 1493 3976 speciem
1544 3863 1697 3949 non
1743 3870 2033 3947 variant.
2125 3864 2209 3946 In
2250 3865 2464 3944 ’omui
2551 3890 2676 3945 nes
2729 3867 3178 3962 intelleCIu83
3238 3882 3382 3948 tres
3440 3875 3730 3953 termini
3777 3879 3854 3954 in
3915 3878 4239 3981 syllogis-

778 4014 955 4069 vero
995 4006 1331 4089 tempore
1364 3982 1584 4063 vocis
1603 3979 2024 4066 mensuratae
2071 3978 2463 4083 quemdam
2542 4002 2721 4075 ‚m03
2762 3994 2907 4060 tres
2958 3977 3210 4079 figurae
3266 3983 3638 4082 arguendi.
3728 3987 3902 4068 Tria
3969 3994 4239 4093 princi-

776 4101 1086 4181 modum
1133 4094 1593 4199 perfeflionis
1632 4094 1909 4194 priores
1944 4088 2470 4192 affignaverunt
2552 4092 2664 4193 pia
2739 4089 3116 4169 intrinseca
3192 4116 3439 4172 rerum
3508 4099 3958 4181 naturalium.
4047 4102 4235 4183 Tres

777 4210 1296 4303 rationabiliter
1325 4264 1344 4298 ,
1409 4206 1580 4284 illud
1638 4219 1924 4304 tempus
1977 4202 2119 4281 tale
2185 4224 2471 4306 ponen-
2551 4201 2898 4306 ‘potentiae
2975 4204 3159 4281 entia
3245 4227 3400 4282 non
3483 4209 3741 4290 orbati.
3842 4211 4027 4294 Tres
4090 4215 4236 4296 loci

777 4339 934 4417 tes,
995 4321 1202 4437 quod
1243 4343 1372 4422 per
1413 4317 1803 4395 ternarium
1838 4312 2078 4417 poffet
2117 4313 2468 4415 suscipere
2550 4312 2969 4393 differentiae
3008 4313 3468 4421 correlativae.
3555 4320 3640 4401 ln
3684 4335 3852 4427 toto
3900 4329 4235 4407 universo

774 4437 1220 4525 sestionem,
1284 4432 1712 4532 opinantes,
1775 4429 1850 4512 in
1911 4428 2231 4504 ternario
2301 4448 2469 4503 om·
2548 4439 2693 4509 tres
2769 4425 2991 4506 lineae.
3146 4424 3540 4516 Ternarius
3628 4439 3915 4537 primus
4002 4442 4236 4544 impar

781 4573 950 4628 nem
1013 4543 1149 4626 effe
1203 4542 1769 4646 perfestionem:
1837 4539 1909 4615 ἃ
1959 4550 2262 4640 propter
2317 4536 2468 4614 hoc
2549 4539 2835 4637 primo,
2900 4540 3178 4641 primus
3247 4541 3321 4617 &
3392 4542 3918 4649 incompofitus
3976 4576 4236 4632 nume-

783 4678 1070 4760 tempus
1139 4653 1536 4757 perfectum
1608 4674 1745 4752 pro
1819 4648 2143 4728 mensura
2213 4662 2466 4726 cantus
2550 4672 2670 4727 rus
2721 4648 3008 4728 cubitus
3072 4673 3166 4728 ex
3232 4650 3449 4733 dustu
3510 4655 3611 4736 sui
3669 4661 3747 4739 in
3808 4662 3877 4740 se
3938 4677 4049 4744 ter
4105 4690 4237 4768 ge·

779 4771 1168 4850 cuiuslibet
1221 4767 1666 4867 posuerunt,
1726 4760 2074 4850 scientes,
2136 4759 2341 4864 quod
2388 4762 2464 4838 in
2552 4774 2863 4839 neratur.
2957 4759 3196 4842 Nullae
3245 4763 3402 4843 duae
3452 4765 3695 4859 liueae.
3758 4772 3875 4853 sed
3929 4788 4074 4856 tres
4121 4779 4237 4858 su..

778 4899 930 4959 arte
985 4875 1485 4979 imperfectum
1541 4896 1696 4951 non
1745 4874 2092 4951 convenit
2137 4872 2458 4973 reperiri,
2546 4869 2932 4973 perficiem·
2982 4872 3385 4957 includunt.
3484 4876 3567 4958 ln
3640 4882 4032 4983 figurarum
4097 4915 4236 4994 po·

780 4993 1106 5097 quamvis
1160 4990 1374 5070 huius
1434 4982 1854 5090 oppofitum
1904 4984 2123 5087 aliqui
2171 4981 2464 5064 moder·
2547 4983 2987 5085 lygonarum
3044 4986 3144 5065 est
3192 4988 3635 5090 triangulus,
3695 4999 4021 5100 primum
4069 5026 4235 5083 om-

3910 5115 4117 5195 nium
