4750 6025
434 502 554 624 350
894 565 896 569 ,
944 609 947 616 ‚
1009 493 1216 576 runnu
1262 491 1344 574 nu
1391 489 1597 578 tunna

430 679 503 766 hos
523 679 913 790 exquiritur-modos,
938 679 1043 760 limus
1065 681 1104 760 da
1126 677 1283 782 diapbo·
1324 673 1426 756 volni
1456 676 1628 780 probare.
1644 671 1809 763 ratione,
1837 670 1971 753 adieila
1997 668 2066 754 asie
2099 699 2171 778 po.
2229 625 2231 704 Ψ

430 799 493 878 nia
517 820 566 878 ex
585 799 779 901 peribolo,
797 811 862 878 aut
884 791 1178 876 deambulatione
1199 812 1284 870 can-
1319 787 1464 884 nenda3
1493 787 1685 870 audacitas
1713 791 1811 868 enirn
1839 784 2019 891 precessit
2067 785 2170 892 Cum

432 920 492 989 tus
508 907 731 994 chordarum
751 907 985 992 musicalium.
1014 905 1165 986 Boetius
1182 904 1283 983 enim
1322 902 1434 1004 egitur
1448 898 1599 992 musica,
1618 924 1688 980 una
1703 900 2053 1005 dequadrieiallbus,
2066 924 2172 987 men·

404 1005 408 1013 ’
432 1025 637 1124 praecipuus
671 1023 781 1105 huius
810 1025 895 1102 artis
922 1023 1017 1098 inter
1042 1015 1196 1098 Latinos
1221 1039 1285 1096 au·
1324 1012 2168 1118 sura,nnmero,&proportionibusgaodeat

433 1134 513 1214 sior
549 1135 761 1238 quindecim
793 1127 950 1216 chordas
981 1130 1103 1235 posuit
1137 1127 1299 1209 musica-3
1325 1149 1529 1229 omnesque
1550 1129 1811 1228 proportiones
1833 1140 1906 1206 tam
1927 1127 2171 1226 geometrica·

431 1245 506 1336 les,
530 1269 551 1324 a
574 1247 979 1350 proslambanomenon
1004 1245 1116 1346 nsque
1135 1241 1287 1344 neteby-
1324 1239 1376 1320 les
1394 1262 1502 1342 qnam
1524 1238 1801 1340 arithmeticam
1822 1242 1860 1317 in
1883 1239 2067 1318 inlinitum
2090 1253 2171 1317 ten·

431 1357 639 1463 perboleon
674 1359 918 1464 quadruplam
943 1370 1008 1438 aut
1036 1354 1288 1459 bisdiapason
1326 1351 1438 1448 dant3
1469 1376 1535 1433 cur
1558 1376 1636 1432 non
1663 1350 1925 1444 harmonicales
1950 1377 2083 1434 vocum
2106 1364 2173 1432 aut

433 1471 778 1574 comprehendens,
809 1495 918 1575 quarn
959 1471 1157 1548 maximam
1193 1467 1289 1570 sym·
1326 1462 1502 1546 sonorum
1526 1467 1788 1570 proportiones
1816 1465 1855 1543 in
1883 1462 2066 1546 infinitum
2088 1479 2172 1542 ten·

432 1581 609 1686 phaniam
634 1585 848 1688 appellabat.
895 1582 1010 1664 Hunc
1036 1583 1075 1660 tc
1105 1579 1287 1662 lohannes
1326 1579 1476 1668 derent,
1504 1602 1589 1660 cum
1614 1577 1782 1658 bumana·
1796 1592 1858 1657 ant
1884 1577 2054 1658 materiali
2076 1599 2173 1656 soce

433 1693 479 1776 de
510 1691 649 1800 Muris,
682 1699 748 1800 qui
782 1695 869 1776 hinc
904 1694 991 1775 inda
1020 1697 1059 1772 in
1091 1691 1288 1797 gymnasie
1326 1693 1458 1792 attingi
1481 1689 1650 1794 possenti
1679 1716 1763 1770 nam
1781 1691 2003 1791 experientia
2021 1691 2095 1771 hoc
2113 1691 2172 1770 in-

431 1806 666 1912 prasiicatnr,
697 1806 925 1888 consecutus.
971 1803 1087 1885 Venit
1110 1805 1288 1910 posthoc
1324 1803 1480 1895 format,
1501 1827 1585 1908 ¹quaa
1606 1827 1728 1884 rerum
1749 1805 1917 1904 magistra
1937 1803 1996 1884 est,

434 1915 563 2000 Guido
584 1919 896 2024 ltalicaenationis
922 1918 1289 1999 homones-incele-
1502 2014 1506 2020 .
1560 1912 1562 1916 ’
1629 1915 1769 1997 Canac
1794 1915 1865 1997 IX
1944 1914 1953 1942 ²

432 2032 556 2113 bratus
577 2030 757 2124 musicus,
781 2035 915 2112 merito
934 2031 1183 2121 concludens,
1205 2056 1287 2112 mo-
1381 2026 1479 2109 Cum
1497 2029 1618 2133 itaque
1636 2032 1731 2109 inter
1744 2030 1992 2132 componillas
2005 2033 2043 2109 in
2063 2030 2171 2113 usum

430 2143 639 2224 nochordi'
663 2144 797 2246 species
840 2167 906 2246 per
951 2143 1107 2246 amplius
1148 2143 1285 2223 dilatari
1323 2143 1526 2221 maximum
1549 2141 1757 2234 devenerit,
1778 2146 1972 2250 mnonicas
1988 2142 2173 2225 conficere

431 2254 552 2360 posse,
575 2257 786 2362 quindecim
819 2255 970 2335 chordis
993 2280 1071 2334 non
1090 2269 1288 2358 contentus
1307 2251 1541 2364 [cantilenas.
1561 2255 1599 2334 in
1625 2256 1756 2358 quibas
1780 2254 1951 2336 nonnulli
1975 2270 2089 2336 totam
2114 2281 2173 2336 ar·

429 2369 580 2449 subiecit
599 2367 1001 2449 Proslambanomenos
1018 2382 1054 2440 r.
1071 2389 1113 2446 ac
1136 2369 1290 2474 netehy-
1325 2382 1402 2446 tem
1421 2364 1518 2469 quas
1541 2368 1580 2446 in
1599 2368 1702 2447 nodo
1726 2367 1919 2448 restrislanr
1939 2366 2008 2448 esse
2024 2383 2171 2471 putant,

429 2479 636 2586 perboleon
656 2479 908 2584 superaddidit
927 2480 1165 2584 excellentes,
1197 2506 1286 2585 qua-
1327 2478 1364 2556 &
1387 2479 1476 2558 fatui
1496 2478 1602 2560 fatuis
1620 2480 1797 2577 credunt,
1824 2504 1985 2584 quorum
2007 2479 2171 2583 plurimi,

429 2609 518 2674 tuor
546 2595 678 2695 viginti
705 2616 850 2696 ponens
876 2590 1066 2682 chordas,
1097 2616 1140 2672 ac
1165 2595 1285 2675 modo
1306 2615 1409 2670 ,cum
1451 2570 1541 2696 alios
1558 2591 1763 2675 ¹obscurare
1805 2594 1960 2685 solunt,
2009 2593 2175 2697 seipsos
2232 2605 2236 2612 ’

428 2703 559 2786 leviori
602 2728 715 2784 manu
749 2703 940 2785 discendas
976 2703 1151 2784 instituit:
1181 2707 1293 2810 quod
1321 2706 1371 2783 ita
1400 2705 1646 2805 obumbrant,
1680 2722 1722 2788 ut
1744 2708 1807 2785 vix
1830 2707 1980 2786 meridie
1999 2705 2089 2787 lusci
2118 2708 2175 2785 ri-

428 2819 581 2908 demum
606 2840 671 2919 per
695 2813 873 2897 Odonem
904 2813 1181 2898 cluniacensem
1202 2825 1289 2900 mo·'·
1310 2815 1432 2912 deant
1463 2815 1546 2920 ipfi':
1565 2828 1658 2899 ‘nam
1695 2818 1819 2900 alienis
1849 2833 2003 2923 utuntur
2034 2819 2173 2898 vocali-

428 2929 589 3010 nachum
616 2927 852 3032 prosecutum
880 2923 954 3008 esse
979 2929 1151 3022 creditur,
1320 2930 1390 3009 bus
1420 2954 1462 3013 ac
1488 2935 1651 3013 terminis
1676 2956 1756 3013 non
1783 2929 2032 3022 musicalibus,
2065 2934 2103 3012 de
2130 2935 2171 3012 in

485 3038 714 3123 Transfluxis
761 3066 848 3133 vero
893 3044 1142 3144 temporibus,
1171 3047 1283 3127 audis
1320 3066 1361 3123 re
1379 3068 1457 3123 non
1478 3051 1602 3145 magni
1621 3046 1756 3127 sanstus
1785 3044 1943 3146 longum
1969 3060 2171 3151 conterunt

427 3155 585 3255 ingeniis
606 3154 813 3234 subtiliores
831 3151 900 3233 esse
923 3169 1123 3257 coeperunt
1144 3157 1281 3249 musici,
1320 3170 1488 3261 tempus,
1509 3176 1571 3239 aur
1583 3156 1821 3262 parvissimam
1841 3155 2059 3261 pbantafiam
2074 3158 2169 3239 mul-

430 3290 542 3347 manu
565 3267 602 3345 dt
622 3264 807 3375 Gnidonis
827 3270 1016 3369 preceptis
1033 3290 1111 3347 non
1129 3286 1284 3352 conten·
1320 3272 1366 3351 tis
1383 3284 1579 3381 exponunt
1602 3274 1747 3361 metris,
1765 3275 1930 3352 'mannia
1947 3272 2067 3370 locos
2085 3276 2168 3375 qui-

428 3379 476 3476 tl,
507 3378 568 3458 sed
597 3387 747 3459 cantum
773 3380 881 3489 toties
913 3382 1084 3483 quotiens
1115 3397 1281 3485 transpo-
1320 3382 1389 3462 bus
1414 3406 1487 3486 ego
1513 3384 1695 3465 diceremr
1725 3380 1750 3462 si
1777 3393 1856 3463 non
1882 3389 1933 3465 vis
1960 3385 2054 3473 dici,
2086 3408 2165 3463 non

427 3506 580 3579 nentes,
612 3492 833 3571 invenerunt
851 3490 944 3570 inira
970 3505 1007 3566 r.
1027 3492 1148 3595 plures
1170 3517 1282 3576 voces
1320 3492 1457 3575 dicarit
1505 3495 1577 3576 Sed
1606 3498 1680 3578 beu
1708 3497 1836 3586 molti,
1867 3500 1933 3599 qui
1970 3500 2083 3600 magis
2111 3500 2166 3575 vi-

427 3601 646 3683 adiiciendas
670 3598 758 3692 elle,
791 3601 953 3682 similiter
970 3598 1072 3707 supra
1099 3608 1116 3706 ς
1143 3603 1279 3708 lapln·
1316 3607 1393 3709 deri
1429 3632 1539 3712 quam
1569 3605 1640 3690 esse
1667 3612 1863 3690 neumatici
1892 3610 2079 3711 gaudent,
2110 3612 2167 3689 iu·-

428 3740 487 3809 res
507 3711 724 3794 affectandas
749 3737 869 3796 voces.
915 3714 1033 3798 Cuiu's
1057 3720 1109 3796 rei
1133 3742 1279 3800 uenera-
1312 3720 1493 3802 renisibus
1511 3726 1616 3804 annis
1645 3721 1710 3802 nili
1728 3712 1874 3826 adepti,
1908 3721 2006 3803 senio
2033 3720 2168 3813 discere

427 3827 540 3907 bilem
577 3824 830 3908 Guilbelmum
872 3826 1009 3933 Duffay
1046 3828 1278 3915 inventorem
1314 3846 1496 3914 verentur.
1542 3834 1588 3918 Et
1612 3836 1753 3916 utinam
1787 3832 1922 3925 essent,
1948 3836 2083 3938 quibus
2115 3830 2167 3911 sa·

429 3936 585 4020 extitisse
616 3939 756 4031 credo,
799 3964 912 4052 quern
948 3943 986 4020 dt
1024 3942 1280 4025 moderniores
1314 3976 1407 4033 num
1444 3952 1631 4052 impartire
1655 3944 1868 4038 consilium,
1898 3944 1925 4024 li
1958 3960 2166 4050 acceptave-

429 4049 555 4132 muirci
588 4074 718 4131 omnes
749 4054 963 4135 imitantur:
1013 4054 1122 4137 multi
1157 4071 1278 4138 tanam
1314 4068 1412 4152 rint,
1434 4062 1546 4151 volo,
1566 4063 1629 4165 qui
1656 4060 1839 4143 Catonem
1862 4062 2072 4150 imitentur,
2100 4061 2165 4162 qni

428 4162 512 4267 plus
544 4162 726 4244 voluntati
757 4178 867 4268 quam
897 4164 1101 4248 austeritati
1133 4166 1284 4250 obtenn
1316 4175 1481 4256 inienio
1509 4175 1778 4275 gracisvoiuit
1806 4172 1995 4252 informari
2023 4170 2164 4257 titteris,

427 4290 614 4380 perantes.
646 4300 807 4380 quorum
838 4278 960 4381 plures
988 4278 1093 4361 usum
1122 4278 1196 4363 sine
1222 4308 1279 4364 ar·
1316 4311 1359 4381 ac
1390 4287 1565 4368 Solonem
1577 4315 1596 4377 ι’,
1628 4291 1693 4392 qui
1721 4289 1883 4366 moriens
1913 4284 2065 4373 didicit,
2096 4285 2167 4365 So·
2199 4324 2203 4331 ·

428 4390 475 4467 tis
504 4390 635 4469 notitia
664 4390 886 4495 sequuntur,
916 4416 1002 4473 cunr
1039 4392 1205 4497 pluribus
1235 4394 1278 4479 fit
1316 4417 1545 4505 etatemque,
1579 4404 1643 4503 qni
1680 4398 1788 4478 senex
1829 4394 1973 4478 musicis
2011 4420 2164 4501 operam

428 4503 574 4582 innatus
597 4500 680 4584 usus
703 4500 845 4584 mulltae
867 4507 962 4585 artis.
1010 4502 1066 4587 Ex
1089 4530 1166 4611 quo
1188 4533 1277 4592 vero
1318 4513 1443 4609 dedit3
1467 4536 1629 4616 cumque
1648 4537 1668 4592 a
1689 4512 1904 4615 quibusdam
1928 4522 2165 4613 quareretur,

428 4612 598 4717 sapientia
623 4612 698 4695 sine
723 4615 931 4721 eloquentia
958 4642 1087 4721 parum
1115 4621 1274 4723 prodest,
1318 4626 1499 4730 numquid
1527 4628 1781 4707 verecundaris
1813 4628 1852 4704 in
1882 4622 2063 4704 senectute
2093 4624 2168 4702 slu-

428 4726 467 4803 &
488 4725 697 4832 eloquentia
716 4726 791 4809 sine
819 4728 990 4833 sapientia
1019 4755 1096 4812 nou
1113 4734 1273 4837 prodest,
1317 4736 1430 4820 dere?
1459 4739 1667 4843 respondit:
1698 4741 1816 4818 maior
1849 4736 1901 4817 ell
1934 4735 2165 4825 verecundia,

427 4836 489 4917 sed
522 4839 737 4943 plerumque
770 4842 895 4939 obest,
923 4840 973 4923 nc
1004 4868 1061 4925 ars
1095 4842 1169 4926 siae
1208 4844 1286 4930 usu.
1316 4854 1354 4931 in
1384 4851 1484 4932 senio
1513 4854 1747 4957 ignorantem
1779 4846 1870 4939 esse.
1898 4873 2010 4953 quam
2044 4848 2083 4927 in
2114 4846 2167 4927 ie·

426 4971 557 5053 parum
590 4950 704 5046 valet,
737 4953 776 5037 aa
817 4952 907 5037 usus
935 4952 1123 5039 linearte
1158 4959 1273 5040 nihil:
1315 4964 1460 5051 nesiute
1482 4962 1646 5048 studere:
1677 4958 1821 5045 &non
1846 4960 1928 5042 elati
1953 4958 2168 5043 Homerum

2064 5084 2118 5167 sr-
