<?xml version="1.0" encoding="UTF-8"?>
<!DOCTYPE html PUBLIC "-//W3C//DTD XHTML 1.0 Transitional//EN"
    "http://www.w3.org/TR/xhtml1/DTD/xhtml1-transitional.dtd">
<html xmlns="http://www.w3.org/1999/xhtml" xml:lang="en" lang="en">
 <head>
  <title>
</title>
<meta http-equiv="Content-Type" content="text/html;charset=utf-8" />
  <meta name='ocr-system' content='tesseract 3.04.00' />
  <meta name='ocr-capabilities' content='ocr_page ocr_carea ocr_par ocr_line ocrx_word'/>
</head>
<body>
  <div class='ocr_page' id='page_1' title='image "./scriptoreseccle00gerbgoog_0119.png"; bbox 0 0 4750 6025; ppageno 0'>
   <div class='ocr_carea' id='block_1_1' title="bbox 353 553 1577 664">
    <p class='ocr_par' dir='ltr' id='par_1_1' title="bbox 353 553 1577 664">
     <span class='ocr_line' id='line_1_1' title="bbox 353 553 1577 664; baseline -0.012 -2"><span class='ocrx_word' id='word_1_1' title='bbox 353 553 474 664; x_wconf 89' lang='lat'>106</span> <span class='ocrx_word' id='word_1_2' title='bbox 871 567 1204 655; x_wconf 80' lang='grc' dir='ltr'>ιιιιιοιιιιιι</span> <span class='ocrx_word' id='word_1_3' title='bbox 1247 565 1329 649; x_wconf 85' lang='lat' dir='ltr'>nn</span> <span class='ocrx_word' id='word_1_4' title='bbox 1371 564 1577 649; x_wconf 71' lang='lat' dir='ltr'>Panna</span> 
     </span>
    </p>
   </div>
   <div class='ocr_carea' id='block_1_2' title="bbox 343 729 2146 1754">
    <p class='ocr_par' dir='ltr' id='par_1_2' title="bbox 343 729 2146 967">
     <span class='ocr_line' id='line_1_2' title="bbox 343 729 2146 860; baseline -0.009 -26"><span class='ocrx_word' id='word_1_5' title='bbox 343 753 518 834; x_wconf 83' lang='lat' dir='ltr'>confinell</span> <span class='ocrx_word' id='word_1_6' title='bbox 558 747 652 832; x_wconf 80' lang='lat' dir='ltr'>finiri</span> <span class='ocrx_word' id='word_1_7' title='bbox 686 744 834 855; x_wconf 74' lang='lat' dir='ltr'>posunt</span> <span class='ocrx_word' id='word_1_8' title='bbox 877 764 1029 854; x_wconf 84' lang='lat' dir='ltr'>propter</span> <span class='ocrx_word' id='word_1_9' title='bbox 1071 745 1194 853; x_wconf 87' lang='lat' dir='ltr'>aliqua</span> <span class='ocrx_word' id='word_1_10' title='bbox 1231 745 1391 829; x_wconf 84' lang='lat' dir='ltr'>suntab</span> <span class='ocrx_word' id='word_1_11' title='bbox 1419 739 1745 851; x_wconf 77' lang='lat' dir='ltr'>tnveneritnrque</span> <span class='ocrx_word' id='word_1_12' title='bbox 1776 737 1824 822; x_wconf 84' lang='lat' dir='ltr'>rrl</span> <span class='ocrx_word' id='word_1_13' title='bbox 1858 731 1938 822; x_wconf 74' lang='lat' dir='ltr'>ura</span> <span class='ocrx_word' id='word_1_14' title='bbox 1971 729 2091 830; x_wconf 71' lang='lat' dir='ltr'>nubit.</span> <span class='ocrx_word' id='word_1_15' title='bbox 2141 855 2146 860; x_wconf 16' lang='grc' dir='ltr'><strong>Δ</strong></span> 
     </span>
     <span class='ocr_line' id='line_1_3' title="bbox 345 849 2089 967; baseline -0.009 -20"><span class='ocrx_word' id='word_1_16' title='bbox 345 867 642 948; x_wconf 77' lang='lat' dir='ltr'>inconvenientia</span> <span class='ocrx_word' id='word_1_17' title='bbox 667 863 866 944; x_wconf 85' lang='lat' dir='ltr'>accidentia</span> <span class='ocrx_word' id='word_1_18' title='bbox 889 865 927 943; x_wconf 91' lang='lat' dir='ltr'>iu</span> <span class='ocrx_word' id='word_1_19' title='bbox 957 860 1039 967; x_wconf 81' lang='lat' dir='ltr'>ipsas</span> <span class='ocrx_word' id='word_1_20' title='bbox 1062 861 1195 942; x_wconf 87' lang='lat' dir='ltr'>cadeu·</span> <span class='ocrx_word' id='word_1_21' title='bbox 1235 859 1379 940; x_wconf 87' lang='lat' dir='ltr'>suntin</span> <span class='ocrx_word' id='word_1_22' title='bbox 1406 857 1524 962; x_wconf 81' lang='lat' dir='ltr'>figura</span> <span class='ocrx_word' id='word_1_23' title='bbox 1547 858 1675 963; x_wconf 80' lang='lat' dir='ltr'>primae</span> <span class='ocrx_word' id='word_1_24' title='bbox 1697 855 1827 961; x_wconf 80' lang='lat' dir='ltr'>speciei</span> <span class='ocrx_word' id='word_1_25' title='bbox 1853 849 2089 942; x_wconf 75' lang='lat' dir='ltr'>diatessaron,</span> 
     </span>
    </p>

    <p class='ocr_par' dir='ltr' id='par_1_3' title="bbox 345 965 2103 1754">
     <span class='ocr_line' id='line_1_4' title="bbox 345 965 2098 1082; baseline -0.01 -22"><span class='ocrx_word' id='word_1_26' title='bbox 345 983 423 1069; x_wconf 83' lang='lat' dir='ltr'>tia,</span> <span class='ocrx_word' id='word_1_27' title='bbox 457 993 498 1057; x_wconf 92' lang='lat' dir='ltr'>ut</span> <span class='ocrx_word' id='word_1_28' title='bbox 523 979 575 1058; x_wconf 88' lang='lat' dir='ltr'>est</span> <span class='ocrx_word' id='word_1_29' title='bbox 613 979 855 1058; x_wconf 83' lang='lat' dir='ltr'>communio:</span> <span class='ocrx_word' id='word_1_30' title='bbox 885 967 1015 1055; x_wconf 75' lang='lat' dir='ltr'>Beatus</span> <span class='ocrx_word' id='word_1_31' title='bbox 1046 971 1192 1072; x_wconf 79' lang='lat' dir='ltr'>seruus,</span> <span class='ocrx_word' id='word_1_32' title='bbox 1235 972 1275 1052; x_wconf 75' lang='lat' dir='ltr'>ir</span> <span class='ocrx_word' id='word_1_33' title='bbox 1295 997 1418 1053; x_wconf 80' lang='lat' dir='ltr'>aarum</span> <span class='ocrx_word' id='word_1_34' title='bbox 1440 971 1605 1075; x_wconf 80' lang='lat' dir='ltr'>prolatio</span> <span class='ocrx_word' id='word_1_35' title='bbox 1635 967 1740 1082; x_wconf 80' lang='lat' dir='ltr'>sonrt</span> <span class='ocrx_word' id='word_1_36' title='bbox 1756 970 1904 1049; x_wconf 83' lang='lat' dir='ltr'>tertiana</span> <span class='ocrx_word' id='word_1_37' title='bbox 1930 965 2098 1070; x_wconf 84' lang='lat' dir='ltr'>speciem·</span> 
     </span>
     <span class='ocr_line' id='line_1_5' title="bbox 348 1077 2098 1190; baseline -0.007 -22"><span class='ocrx_word' id='word_1_38' title='bbox 348 1091 386 1184; x_wconf 69' lang='grc' dir='ltr'>δι</span> <span class='ocrx_word' id='word_1_39' title='bbox 433 1089 575 1170; x_wconf 82' lang='lat' dir='ltr'>llrniler.</span> <span class='ocrx_word' id='word_1_40' title='bbox 638 1086 800 1170; x_wconf 79' lang='lat' dir='ltr'>Nauali</span> <span class='ocrx_word' id='word_1_41' title='bbox 835 1089 872 1166; x_wconf 90' lang='lat' dir='ltr'>iu</span> <span class='ocrx_word' id='word_1_42' title='bbox 909 1085 1005 1166; x_wconf 87' lang='lat' dir='ltr'>finali</span> <span class='ocrx_word' id='word_1_43' title='bbox 1048 1087 1197 1190; x_wconf 86' lang='lat' dir='ltr'>propria</span> <span class='ocrx_word' id='word_1_44' title='bbox 1237 1083 1459 1165; x_wconf 83' lang='lat' dir='ltr'>diatessaron.</span> <span class='ocrx_word' id='word_1_45' title='bbox 1509 1083 1610 1165; x_wconf 87' lang='lat' dir='ltr'>Naar</span> <span class='ocrx_word' id='word_1_46' title='bbox 1651 1085 1691 1164; x_wconf 90' lang='lat' dir='ltr'>in</span> <span class='ocrx_word' id='word_1_47' title='bbox 1733 1083 1854 1162; x_wconf 86' lang='lat' dir='ltr'>omui·</span> <span class='ocrx_word' id='word_1_48' title='bbox 1877 1079 1990 1169; x_wconf 85' lang='lat' dir='ltr'>loco,</span> <span class='ocrx_word' id='word_1_49' title='bbox 2029 1077 2098 1158; x_wconf 87' lang='lat' dir='ltr'>ubi</span> 
     </span>
     <span class='ocr_line' id='line_1_6' title="bbox 349 1189 2097 1304; baseline -0.001 -22"><span class='ocrx_word' id='word_1_50' title='bbox 349 1205 586 1291; x_wconf 85' lang='lat' dir='ltr'>terminatur,</span> <span class='ocrx_word' id='word_1_51' title='bbox 618 1215 708 1282; x_wconf 88' lang='lat' dir='ltr'>tuuc</span> <span class='ocrx_word' id='word_1_52' title='bbox 733 1202 904 1303; x_wconf 77' lang='lat' dir='ltr'>oportet.</span> <span class='ocrx_word' id='word_1_53' title='bbox 932 1198 1035 1304; x_wconf 84' lang='lat' dir='ltr'>quod</span> <span class='ocrx_word' id='word_1_54' title='bbox 1060 1196 1121 1278; x_wconf 84' lang='lat' dir='ltr'>liat</span> <span class='ocrx_word' id='word_1_55' title='bbox 1146 1196 1198 1276; x_wconf 85' lang='lat' dir='ltr'>se·</span> <span class='ocrx_word' id='word_1_56' title='bbox 1238 1192 1490 1278; x_wconf 69' lang='lat' dir='ltr'>descendimus</span> <span class='ocrx_word' id='word_1_57' title='bbox 1518 1195 1565 1278; x_wconf 83' lang='lat' dir='ltr'>dc</span> <span class='ocrx_word' id='word_1_58' title='bbox 1596 1193 1645 1278; x_wconf 75' lang='grc' dir='ltr'>(ὶ</span> <span class='ocrx_word' id='word_1_59' title='bbox 1672 1197 1778 1299; x_wconf 84' lang='lat' dir='ltr'>gravi</span> <span class='ocrx_word' id='word_1_60' title='bbox 1810 1191 1860 1276; x_wconf 84' lang='lat' dir='ltr'>ad</span> <span class='ocrx_word' id='word_1_61' title='bbox 1893 1189 1934 1275; x_wconf 75' lang='lat'>1².</span> <span class='ocrx_word' id='word_1_62' title='bbox 1966 1211 2097 1295; x_wconf 77' lang='lat' dir='ltr'>grave·</span> 
     </span>
     <span class='ocr_line' id='line_1_7' title="bbox 350 1304 2100 1395; baseline -0.006 -2"><span class='ocrx_word' id='word_1_63' title='bbox 350 1315 554 1395; x_wconf 86' lang='lat' dir='ltr'>miditonur</span> <span class='ocrx_word' id='word_1_64' title='bbox 591 1312 846 1393; x_wconf 80' lang='lat' dir='ltr'>descendendo</span> <span class='ocrx_word' id='word_1_65' title='bbox 880 1314 926 1393; x_wconf 88' lang='lat' dir='ltr'>ab</span> <span class='ocrx_word' id='word_1_66' title='bbox 955 1335 988 1391; x_wconf 85' lang='lat' dir='ltr'>a.</span> <span class='ocrx_word' id='word_1_67' title='bbox 1016 1325 1126 1391; x_wconf 90' lang='lat' dir='ltr'>acuto</span> <span class='ocrx_word' id='word_1_68' title='bbox 1151 1309 1198 1389; x_wconf 85' lang='lat' dir='ltr'>ad</span> <span class='ocrx_word' id='word_1_69' title='bbox 1239 1308 1450 1390; x_wconf 78' lang='lat' dir='ltr'>naturaliter</span> <span class='ocrx_word' id='word_1_70' title='bbox 1480 1308 1746 1390; x_wconf 83' lang='lat' dir='ltr'>coiuclinamua</span> <span class='ocrx_word' id='word_1_71' title='bbox 1775 1309 1822 1388; x_wconf 86' lang='lat' dir='ltr'>ad</span> <span class='ocrx_word' id='word_1_72' title='bbox 1855 1304 2100 1385; x_wconf 83' lang='lat' dir='ltr'>semitonium</span> 
     </span>
     <span class='ocr_line' id='line_1_8' title="bbox 350 1418 2103 1529; baseline -0.007 -21"><span class='ocrx_word' id='word_1_73' title='bbox 350 1424 389 1508; x_wconf 85' lang='lat' dir='ltr'>F.</span> <span class='ocrx_word' id='word_1_74' title='bbox 431 1449 544 1529; x_wconf 81' lang='lat' dir='ltr'>graue</span> <span class='ocrx_word' id='word_1_75' title='bbox 578 1428 617 1506; x_wconf 92' lang='lat' dir='ltr'>in</span> <span class='ocrx_word' id='word_1_76' title='bbox 649 1449 696 1506; x_wconf 91' lang='lat' dir='ltr'>eo</span> <span class='ocrx_word' id='word_1_77' title='bbox 726 1425 840 1516; x_wconf 87' lang='lat' dir='ltr'>luco,</span> <span class='ocrx_word' id='word_1_78' title='bbox 870 1426 935 1505; x_wconf 91' lang='lat' dir='ltr'>ubi</span> <span class='ocrx_word' id='word_1_79' title='bbox 976 1423 1110 1505; x_wconf 91' lang='lat' dir='ltr'>dicitur</span> <span class='ocrx_word' id='word_1_80' title='bbox 1143 1425 1202 1501; x_wconf 88' lang='lat' dir='ltr'>in-</span> <span class='ocrx_word' id='word_1_81' title='bbox 1241 1422 1526 1529; x_wconf 79' lang='lat' dir='ltr'>proferendum,</span> <span class='ocrx_word' id='word_1_82' title='bbox 1556 1424 1605 1503; x_wconf 86' lang='lat' dir='ltr'>nt¹</span> <span class='ocrx_word' id='word_1_83' title='bbox 1636 1420 1700 1502; x_wconf 88' lang='lat' dir='ltr'>hic</span> <span class='ocrx_word' id='word_1_84' title='bbox 1728 1421 1778 1502; x_wconf 85' lang='lat' dir='ltr'>de</span> <span class='ocrx_word' id='word_1_85' title='bbox 1814 1418 2003 1502; x_wconf 67' lang='lat' dir='ltr'>ambobus</span> <span class='ocrx_word' id='word_1_86' title='bbox 2037 1438 2103 1496; x_wconf 88' lang='lat' dir='ltr'>ac·</span> 
     </span>
     <span class='ocr_line' id='line_1_9' title="bbox 349 1527 2102 1642; baseline -0.005 -25"><span class='ocrx_word' id='word_1_87' title='bbox 349 1540 495 1617; x_wconf 80' lang='lat' dir='ltr'>venerit</span> <span class='ocrx_word' id='word_1_88' title='bbox 530 1562 551 1619; x_wconf 90' lang='lat' dir='ltr'>a</span> <span class='ocrx_word' id='word_1_89' title='bbox 591 1537 723 1642; x_wconf 83' lang='lat' dir='ltr'>syllaba</span> <span class='ocrx_word' id='word_1_90' title='bbox 763 1561 808 1616; x_wconf 80' lang='lat' dir='ltr'>ne</span> <span class='ocrx_word' id='word_1_91' title='bbox 847 1538 894 1618; x_wconf 79' lang='lat' dir='ltr'>ud</span> <span class='ocrx_word' id='word_1_92' title='bbox 926 1535 1093 1641; x_wconf 83' lang='lat' dir='ltr'>syllabam</span> <span class='ocrx_word' id='word_1_93' title='bbox 1135 1537 1200 1615; x_wconf 87' lang='lat' dir='ltr'>rit.</span> <span class='ocrx_word' id='word_1_94' title='bbox 1242 1535 1446 1617; x_wconf 76' lang='lat' dir='ltr'>uidentibus</span> <span class='ocrx_word' id='word_1_95' title='bbox 1487 1533 1665 1639; x_wconf 68' lang='lat' dir='ltr'>predictis</span> <span class='ocrx_word' id='word_1_96' title='bbox 1694 1530 1887 1640; x_wconf 72' lang='lat' dir='ltr'>possumne</span> <span class='ocrx_word' id='word_1_97' title='bbox 1923 1527 2102 1639; x_wconf 84' lang='lat' dir='ltr'>probabi·</span> 
     </span>
     <span class='ocr_line' id='line_1_10' title="bbox 351 1647 1523 1754; baseline -0.005 -22"><span class='ocrx_word' id='word_1_98' title='bbox 351 1649 525 1732; x_wconf 71' lang='lat' dir='ltr'>Preterea</span> <span class='ocrx_word' id='word_1_99' title='bbox 560 1649 628 1730; x_wconf 82' lang='lat' dir='ltr'>illae</span> <span class='ocrx_word' id='word_1_100' title='bbox 667 1649 800 1754; x_wconf 81' lang='lat' dir='ltr'>species</span> <span class='ocrx_word' id='word_1_101' title='bbox 845 1647 1077 1737; x_wconf 85' lang='lat' dir='ltr'>diatessaron,</span> <span class='ocrx_word' id='word_1_102' title='bbox 1121 1671 1202 1753; x_wconf 83' lang='lat' dir='ltr'>quae</span> <span class='ocrx_word' id='word_1_103' title='bbox 1243 1648 1326 1729; x_wconf 85' lang='lat' dir='ltr'>liter</span> <span class='ocrx_word' id='word_1_104' title='bbox 1355 1649 1523 1752; x_wconf 85' lang='lat' dir='ltr'>experiri.</span> 
     </span>
    </p>
   </div>
   <div class='ocr_carea' id='block_1_3' title="bbox 1443 1770 1665 1798">
    <p class='ocr_par' dir='ltr' id='par_1_4' title="bbox 1443 1770 1665 1798">
     <span class='ocr_line' id='line_1_11' title="bbox 1443 1770 1665 1798; baseline 0.005 -2"><span class='ocrx_word' id='word_1_105' title='bbox 1443 1770 1665 1798; x_wconf 56' lang='lat' dir='ltr'><em>m</em></span> 
     </span>
    </p>
   </div>
   <div class='ocr_carea' id='block_1_4' title="bbox 390 1790 1901 1849">
    <p class='ocr_par' dir='ltr' id='par_1_5' title="bbox 390 1790 1901 1849">
     <span class='ocr_line' id='line_1_12' title="bbox 390 1790 1901 1849; baseline -0.005 0"><span class='ocrx_word' id='word_1_106' title='bbox 390 1838 396 1849; x_wconf 85' lang='lat'>.</span> <span class='ocrx_word' id='word_1_107' title='bbox 1895 1790 1901 1841; x_wconf 90' lang='grc' dir='ltr'>ι</span> 
     </span>
    </p>
   </div>
   <div class='ocr_carea' id='block_1_5' title="bbox 462 2043 1824 2218">
    <p class='ocr_par' dir='ltr' id='par_1_6' title="bbox 462 2043 1824 2218">
     <span class='ocr_line' id='line_1_13' title="bbox 462 2043 1824 2218; baseline -0.001 -40"><span class='ocrx_word' id='word_1_108' title='bbox 462 2095 506 2178; x_wconf 89' lang='lat' dir='ltr'>ln</span> <span class='ocrx_word' id='word_1_109' title='bbox 563 2119 609 2175; x_wconf 86' lang='lat' dir='ltr'>ve</span> <span class='ocrx_word' id='word_1_110' title='bbox 638 2121 685 2194; x_wconf 84' lang='lat' dir='ltr'>ne</span> <span class='ocrx_word' id='word_1_111' title='bbox 767 2099 815 2174; x_wconf 89' lang='lat' dir='ltr'>rit</span> <span class='ocrx_word' id='word_1_112' title='bbox 868 2099 908 2218; x_wconf 22' lang='lat' dir='ltr'>,ri</span> <span class='ocrx_word' id='word_1_113' title='bbox 956 2100 996 2197; x_wconf 85' lang='lat' dir='ltr'>gl</span> <span class='ocrx_word' id='word_1_114' title='bbox 1043 2095 1102 2176; x_wconf 87' lang='lat' dir='ltr'>lau</span> <span class='ocrx_word' id='word_1_115' title='bbox 1128 2109 1215 2177; x_wconf 85' lang='lat' dir='ltr'>tem.</span> <span class='ocrx_word' id='word_1_116' title='bbox 1255 2043 1329 2213; x_wconf 46' lang='lat' dir='ltr'>..A</span> <span class='ocrx_word' id='word_1_117' title='bbox 1358 2121 1443 2178; x_wconf 87' lang='lat' dir='ltr'>men</span> <span class='ocrx_word' id='word_1_118' title='bbox 1485 2095 1524 2177; x_wconf 88' lang='lat' dir='ltr'>di</span> <span class='ocrx_word' id='word_1_119' title='bbox 1568 2119 1616 2177; x_wconf 87' lang='lat' dir='ltr'>co</span> <span class='ocrx_word' id='word_1_120' title='bbox 1675 2119 1726 2176; x_wconf 85' lang='grc' dir='ltr'>ιο</span> <span class='ocrx_word' id='word_1_121' title='bbox 1756 2097 1824 2176; x_wconf 82' lang='lat' dir='ltr'>bia.</span> 
     </span>
    </p>
   </div>
   <div class='ocr_carea' id='block_1_6' title="bbox 353 2255 2111 3136">
    <p class='ocr_par' dir='ltr' id='par_1_7' title="bbox 353 2255 2110 2810">
     <span class='ocr_line' id='line_1_14' title="bbox 410 2255 2108 2363; baseline 0.001 -27"><span class='ocrx_word' id='word_1_122' title='bbox 410 2255 449 2336; x_wconf 91' lang='lat' dir='ltr'>Si</span> <span class='ocrx_word' id='word_1_123' title='bbox 471 2271 593 2338; x_wconf 85' lang='lat' dir='ltr'>autern</span> <span class='ocrx_word' id='word_1_124' title='bbox 618 2259 657 2336; x_wconf 91' lang='lat' dir='ltr'>iu</span> <span class='ocrx_word' id='word_1_125' title='bbox 685 2255 859 2337; x_wconf 85' lang='lat' dir='ltr'>confinali</span> <span class='ocrx_word' id='word_1_126' title='bbox 880 2257 1009 2338; x_wconf 86' lang='lat' dir='ltr'>debeat</span> <span class='ocrx_word' id='word_1_127' title='bbox 1031 2258 1213 2342; x_wconf 84' lang='lat' dir='ltr'>termina·¹</span> <span class='ocrx_word' id='word_1_128' title='bbox 1246 2259 1285 2340; x_wconf 67' lang='grc' dir='ltr'><strong><em>ἃ</em></strong></span> <span class='ocrx_word' id='word_1_129' title='bbox 1308 2261 1348 2339; x_wconf 91' lang='lat' dir='ltr'>in</span> <span class='ocrx_word' id='word_1_130' title='bbox 1374 2259 1537 2363; x_wconf 80' lang='lat' dir='ltr'>pluribus</span> <span class='ocrx_word' id='word_1_131' title='bbox 1561 2256 1644 2356; x_wconf 23' lang='lat' dir='ltr'>alila-</span> <span class='ocrx_word' id='word_1_132' title='bbox 1666 2256 1787 2347; x_wconf 82' lang='lat' dir='ltr'>locis,</span> <span class='ocrx_word' id='word_1_133' title='bbox 1814 2256 1921 2363; x_wconf 86' lang='lat' dir='ltr'>quud</span> <span class='ocrx_word' id='word_1_134' title='bbox 1948 2257 2108 2362; x_wconf 85' lang='lat' dir='ltr'>quidem</span> 
     </span>
     <span class='ocr_line' id='line_1_15' title="bbox 355 2367 2110 2478; baseline 0.001 -30"><span class='ocrx_word' id='word_1_135' title='bbox 355 2395 417 2460; x_wconf 87' lang='lat' dir='ltr'>re,</span> <span class='ocrx_word' id='word_1_136' title='bbox 448 2385 539 2448; x_wconf 88' lang='lat' dir='ltr'>tunc</span> <span class='ocrx_word' id='word_1_137' title='bbox 562 2383 737 2470; x_wconf 86' lang='lat' dir='ltr'>oportet.</span> <span class='ocrx_word' id='word_1_138' title='bbox 759 2369 862 2474; x_wconf 90' lang='lat' dir='ltr'>quod</span> <span class='ocrx_word' id='word_1_139' title='bbox 886 2367 946 2450; x_wconf 91' lang='lat' dir='ltr'>llat</span> <span class='ocrx_word' id='word_1_140' title='bbox 969 2369 1203 2453; x_wconf 83' lang='lat' dir='ltr'>semitonium</span> <span class='ocrx_word' id='word_1_141' title='bbox 1246 2370 1480 2454; x_wconf 85' lang='lat' dir='ltr'>semitonium</span> <span class='ocrx_word' id='word_1_142' title='bbox 1502 2395 1581 2451; x_wconf 89' lang='lat' dir='ltr'>non</span> <span class='ocrx_word' id='word_1_143' title='bbox 1602 2371 1723 2478; x_wconf 39' lang='lat' dir='ltr'>cstgibi</span> <span class='ocrx_word' id='word_1_144' title='bbox 1745 2371 1968 2452; x_wconf 80' lang='lat' dir='ltr'>naturaliter.</span> <span class='ocrx_word' id='word_1_145' title='bbox 2008 2369 2110 2452; x_wconf 81' lang='lat' dir='ltr'>Prae·</span> 
     </span>
     <span class='ocr_line' id='line_1_16' title="bbox 353 2477 2108 2590; baseline 0.002 -28"><span class='ocrx_word' id='word_1_146' title='bbox 353 2477 586 2562; x_wconf 85' lang='lat' dir='ltr'>ascendenrlo</span> <span class='ocrx_word' id='word_1_147' title='bbox 610 2482 658 2559; x_wconf 81' lang='lat' dir='ltr'>alr</span> <span class='ocrx_word' id='word_1_148' title='bbox 679 2504 707 2559; x_wconf 83' lang='lat' dir='ltr'>e.</span> <span class='ocrx_word' id='word_1_149' title='bbox 725 2493 835 2561; x_wconf 78' lang='lat' dir='ltr'>acuto</span> <span class='ocrx_word' id='word_1_150' title='bbox 859 2482 964 2579; x_wconf 82' lang='lat' dir='ltr'>acl-g.</span> <span class='ocrx_word' id='word_1_151' title='bbox 992 2497 1140 2563; x_wconf 82' lang='lat' dir='ltr'>acutum</span> <span class='ocrx_word' id='word_1_152' title='bbox 1165 2487 1204 2564; x_wconf 95' lang='lat' dir='ltr'>in</span> <span class='ocrx_word' id='word_1_153' title='bbox 1245 2497 1341 2564; x_wconf 84' lang='lat' dir='ltr'>terea</span> <span class='ocrx_word' id='word_1_154' title='bbox 1374 2487 1535 2590; x_wconf 79' lang='lat' dir='ltr'>primunr</span> <span class='ocrx_word' id='word_1_155' title='bbox 1569 2485 1858 2573; x_wconf 65' lang='lat' dir='ltr'>incommune,</span> <span class='ocrx_word' id='word_1_156' title='bbox 1890 2483 1999 2585; x_wconf 84' lang='lat' dir='ltr'>quod</span> <span class='ocrx_word' id='word_1_157' title='bbox 2027 2497 2108 2565; x_wconf 86' lang='lat' dir='ltr'>erat</span> 
     </span>
     <span class='ocr_line' id='line_1_17' title="bbox 354 2586 2108 2700; baseline 0.003 -29"><span class='ocrx_word' id='word_1_158' title='bbox 354 2616 402 2672; x_wconf 84' lang='lat' dir='ltr'>eo</span> <span class='ocrx_word' id='word_1_159' title='bbox 424 2593 537 2683; x_wconf 89' lang='lat' dir='ltr'>loro.</span> <span class='ocrx_word' id='word_1_160' title='bbox 569 2593 790 2676; x_wconf 88' lang='lat' dir='ltr'>ubidicitur</span> <span class='ocrx_word' id='word_1_161' title='bbox 807 2590 962 2692; x_wconf 82' lang='lat' dir='ltr'>seruus,</span> <span class='ocrx_word' id='word_1_162' title='bbox 992 2597 1032 2674; x_wconf 93' lang='lat' dir='ltr'>iu</span> <span class='ocrx_word' id='word_1_163' title='bbox 1048 2586 1114 2694; x_wconf 82' lang='lat' dir='ltr'>ser</span> <span class='ocrx_word' id='word_1_164' title='bbox 1131 2595 1207 2700; x_wconf 80' lang='lat' dir='ltr'>syl·</span> <span class='ocrx_word' id='word_1_165' title='bbox 1247 2619 1337 2677; x_wconf 87' lang='lat' dir='ltr'>ave</span> <span class='ocrx_word' id='word_1_166' title='bbox 1361 2595 1491 2700; x_wconf 78' lang='lat' dir='ltr'>syllaba</span> <span class='ocrx_word' id='word_1_167' title='bbox 1518 2595 1565 2678; x_wconf 82' lang='lat' dir='ltr'>ad</span> <span class='ocrx_word' id='word_1_168' title='bbox 1591 2595 1762 2700; x_wconf 80' lang='lat' dir='ltr'>syllabam</span> <span class='ocrx_word' id='word_1_169' title='bbox 1787 2597 1868 2688; x_wconf 81' lang='lat' dir='ltr'>rit.</span> <span class='ocrx_word' id='word_1_170' title='bbox 1899 2595 2037 2676; x_wconf 82' lang='lat' dir='ltr'>scilicet</span> <span class='ocrx_word' id='word_1_171' title='bbox 2057 2598 2108 2676; x_wconf 77' lang='lat' dir='ltr'>&#39;ab</span> 
     </span>
     <span class='ocr_line' id='line_1_18' title="bbox 354 2703 2109 2810; baseline 0.004 -28"><span class='ocrx_word' id='word_1_172' title='bbox 354 2703 497 2790; x_wconf 87' lang='lat' dir='ltr'>labam,</span> <span class='ocrx_word' id='word_1_173' title='bbox 530 2719 572 2784; x_wconf 92' lang='lat' dir='ltr'>ut</span> <span class='ocrx_word' id='word_1_174' title='bbox 596 2704 657 2784; x_wconf 88' lang='lat' dir='ltr'>hic</span> <span class='ocrx_word' id='word_1_175' title='bbox 679 2718 802 2806; x_wconf 85' lang='lat' dir='ltr'>patet:</span> <span class='ocrx_word' id='word_1_176' title='bbox 840 2717 841 2720; x_wconf 67' lang='lat'>‘</span> <span class='ocrx_word' id='word_1_177' title='bbox 977 2753 979 2758; x_wconf 92' lang='lat'>·</span> <span class='ocrx_word' id='word_1_178' title='bbox 1142 2723 1144 2727; x_wconf 78' lang='grc'>’</span> <span class='ocrx_word' id='word_1_179' title='bbox 1248 2731 1282 2788; x_wconf 89' lang='grc' dir='ltr'>ιι.</span> <span class='ocrx_word' id='word_1_180' title='bbox 1299 2725 1409 2790; x_wconf 84' lang='lat' dir='ltr'>acuto</span> <span class='ocrx_word' id='word_1_181' title='bbox 1437 2709 1482 2790; x_wconf 87' lang='lat' dir='ltr'>ud</span> <span class='ocrx_word' id='word_1_182' title='bbox 1512 2706 1552 2789; x_wconf 87' lang='lat' dir='ltr'>F.</span> <span class='ocrx_word' id='word_1_183' title='bbox 1581 2722 1718 2810; x_wconf 54' lang='lat' dir='ltr'>graue,</span> <span class='ocrx_word' id='word_1_184' title='bbox 1750 2730 1853 2788; x_wconf 88' lang='lat' dir='ltr'>nunc</span> <span class='ocrx_word' id='word_1_185' title='bbox 1880 2709 1929 2788; x_wconf 88' lang='lat' dir='ltr'>ab</span> <span class='ocrx_word' id='word_1_186' title='bbox 1957 2731 1989 2786; x_wconf 84' lang='lat' dir='ltr'>e.</span> <span class='ocrx_word' id='word_1_187' title='bbox 2018 2731 2109 2789; x_wconf 88' lang='lat' dir='ltr'>acn-</span> 
     </span>
    </p>

    <p class='ocr_par' dir='ltr' id='par_1_8' title="bbox 1249 2816 2111 3136">
     <span class='ocr_line' id='line_1_19' title="bbox 1249 2816 2106 2902; baseline 0.001 -4"><span class='ocrx_word' id='word_1_188' title='bbox 1249 2835 1292 2899; x_wconf 90' lang='lat' dir='ltr'>to</span> <span class='ocrx_word' id='word_1_189' title='bbox 1340 2823 1387 2900; x_wconf 86' lang='lat' dir='ltr'>ad</span> <span class='ocrx_word' id='word_1_190' title='bbox 1432 2844 1461 2898; x_wconf 89' lang='lat' dir='ltr'>c.</span> <span class='ocrx_word' id='word_1_191' title='bbox 1489 2835 1641 2901; x_wconf 87' lang='lat' dir='ltr'>acutum</span> <span class='ocrx_word' id='word_1_192' title='bbox 1686 2816 1850 2899; x_wconf 84' lang='lat' dir='ltr'>similiter</span> <span class='ocrx_word' id='word_1_193' title='bbox 1902 2823 2106 2902; x_wconf 82' lang='lat' dir='ltr'>invenitur.</span> 
     </span>
     <span class='ocr_line' id='line_1_20' title="bbox 1249 2929 2111 3037; baseline 0.003 -25"><span class='ocrx_word' id='word_1_194' title='bbox 1249 2929 1342 3012; x_wconf 88' lang='lat' dir='ltr'>ltem</span> <span class='ocrx_word' id='word_1_195' title='bbox 1372 2930 1492 3024; x_wconf 85' lang='lat' dir='ltr'>aliud,</span> <span class='ocrx_word' id='word_1_196' title='bbox 1523 2930 1658 3013; x_wconf 84' lang='lat' dir='ltr'>scilicet</span> <span class='ocrx_word' id='word_1_197' title='bbox 1685 2930 1732 3012; x_wconf 85' lang='lat' dir='ltr'>de</span> <span class='ocrx_word' id='word_1_198' title='bbox 1759 2931 1951 3037; x_wconf 83' lang='lat' dir='ltr'>speciebus</span> <span class='ocrx_word' id='word_1_199' title='bbox 1977 2931 2111 3015; x_wconf 82' lang='lat' dir='ltr'>diates·</span> 
     </span>
     <span class='ocr_line' id='line_1_21' title="bbox 1249 3042 2067 3136; baseline 0.002 -11"><span class='ocrx_word' id='word_1_200' title='bbox 1249 3044 1373 3136; x_wconf 82' lang='lat' dir='ltr'>saron,</span> <span class='ocrx_word' id='word_1_201' title='bbox 1397 3056 1439 3129; x_wconf 90' lang='lat' dir='ltr'>ut</span> <span class='ocrx_word' id='word_1_202' title='bbox 1461 3045 1522 3126; x_wconf 89' lang='lat' dir='ltr'>hic</span> <span class='ocrx_word' id='word_1_203' title='bbox 1545 3042 1733 3125; x_wconf 81' lang='lat' dir='ltr'>clarilllure</span> <span class='ocrx_word' id='word_1_204' title='bbox 1762 3044 2067 3128; x_wconf 83' lang='lat' dir='ltr'>demonstratur:</span> 
     </span>
    </p>
   </div>
   <div class='ocr_carea' id='block_1_7' title="bbox 441 3542 2110 3697">
    <p class='ocr_par' dir='ltr' id='par_1_9' title="bbox 441 3542 2110 3697">
     <span class='ocr_line' id='line_1_22' title="bbox 441 3542 2110 3697; baseline 0.01 -24"><span class='ocrx_word' id='word_1_205' title='bbox 441 3592 486 3673; x_wconf 90' lang='lat' dir='ltr'>ln</span> <span class='ocrx_word' id='word_1_206' title='bbox 533 3619 578 3674; x_wconf 84' lang='lat' dir='ltr'>ve</span> <span class='ocrx_word' id='word_1_207' title='bbox 625 3619 673 3674; x_wconf 87' lang='lat' dir='ltr'>ue</span> <span class='ocrx_word' id='word_1_208' title='bbox 713 3542 874 3675; x_wconf 54' lang='lat' dir='ltr'>rit-vi</span> <span class='ocrx_word' id='word_1_209' title='bbox 930 3598 970 3697; x_wconf 86' lang='lat' dir='ltr'>gi</span> <span class='ocrx_word' id='word_1_210' title='bbox 999 3594 1059 3674; x_wconf 88' lang='lat' dir='ltr'>lan</span> <span class='ocrx_word' id='word_1_211' title='bbox 1116 3614 1221 3691; x_wconf 87' lang='lat' dir='ltr'>tem,</span> <span class='ocrx_word' id='word_1_212' title='bbox 1323 3602 1471 3683; x_wconf 81' lang='lat' dir='ltr'>Arnen</span> <span class='ocrx_word' id='word_1_213' title='bbox 1529 3606 1568 3684; x_wconf 90' lang='lat' dir='ltr'>di</span> <span class='ocrx_word' id='word_1_214' title='bbox 1608 3628 1658 3687; x_wconf 88' lang='lat' dir='ltr'>cu</span> <span class='ocrx_word' id='word_1_215' title='bbox 1728 3630 1778 3684; x_wconf 82' lang='lat' dir='ltr'>vo</span> <span class='ocrx_word' id='word_1_216' title='bbox 1863 3608 1930 3688; x_wconf 81' lang='lat' dir='ltr'>bit.</span> <span class='ocrx_word' id='word_1_217' title='bbox 2106 3653 2110 3660; x_wconf 94' lang='lat'>·</span> 
     </span>
    </p>
   </div>
   <div class='ocr_carea' id='block_1_8' title="bbox 354 3750 2120 4097">
    <p class='ocr_par' dir='ltr' id='par_1_10' title="bbox 354 3750 2120 4097">
     <span class='ocr_line' id='line_1_23' title="bbox 414 3750 2115 3869; baseline 0.013 -36"><span class='ocrx_word' id='word_1_218' title='bbox 414 3750 471 3833; x_wconf 87' lang='lat' dir='ltr'>Ex</span> <span class='ocrx_word' id='word_1_219' title='bbox 491 3754 546 3853; x_wconf 70' lang='lat' dir='ltr'>lais</span> <span class='ocrx_word' id='word_1_220' title='bbox 568 3758 771 3836; x_wconf 81' lang='lat' dir='ltr'>rationibus</span> <span class='ocrx_word' id='word_1_221' title='bbox 792 3756 974 3843; x_wconf 84' lang='lat' dir='ltr'>dicimus,</span> <span class='ocrx_word' id='word_1_222' title='bbox 1005 3759 1111 3860; x_wconf 89' lang='lat' dir='ltr'>quud</span> <span class='ocrx_word' id='word_1_223' title='bbox 1130 3763 1212 3862; x_wconf 90' lang='lat' dir='ltr'>qui·</span> <span class='ocrx_word' id='word_1_224' title='bbox 1251 3774 1389 3855; x_wconf 86' lang='lat' dir='ltr'>acuto,</span> <span class='ocrx_word' id='word_1_225' title='bbox 1427 3767 1651 3869; x_wconf 83' lang='lat' dir='ltr'>principium</span> <span class='ocrx_word' id='word_1_226' title='bbox 1687 3768 1735 3846; x_wconf 72' lang='grc' dir='ltr'>δι’</span> <span class='ocrx_word' id='word_1_227' title='bbox 1765 3766 1879 3849; x_wconf 81' lang='lat' dir='ltr'>finern</span> <span class='ocrx_word' id='word_1_228' title='bbox 1920 3770 2115 3855; x_wconf 84' lang='lat' dir='ltr'>cantando</span> 
     </span>
     <span class='ocr_line' id='line_1_24' title="bbox 354 3864 2120 3978; baseline 0.013 -34"><span class='ocrx_word' id='word_1_229' title='bbox 354 3864 447 3944; x_wconf 85' lang='lat' dir='ltr'>libet</span> <span class='ocrx_word' id='word_1_230' title='bbox 470 3880 595 3946; x_wconf 85' lang='lat' dir='ltr'>cantus</span> <span class='ocrx_word' id='word_1_231' title='bbox 619 3868 738 3968; x_wconf 87' lang='lat' dir='ltr'>potest</span> <span class='ocrx_word' id='word_1_232' title='bbox 761 3870 958 3945; x_wconf 86' lang='lat' dir='ltr'>terminare</span> <span class='ocrx_word' id='word_1_233' title='bbox 983 3870 1020 3945; x_wconf 88' lang='lat' dir='ltr'>in</span> <span class='ocrx_word' id='word_1_234' title='bbox 1045 3872 1212 3972; x_wconf 86' lang='lat' dir='ltr'>quolibet</span> <span class='ocrx_word' id='word_1_235' title='bbox 1253 3899 1318 3978; x_wconf 87' lang='lat' dir='ltr'>per</span> <span class='ocrx_word' id='word_1_236' title='bbox 1348 3876 1371 3956; x_wconf 86' lang='lat' dir='ltr'>l</span> <span class='ocrx_word' id='word_1_237' title='bbox 1403 3878 1631 3970; x_wconf 87' lang='lat' dir='ltr'>rotundum.</span> <span class='ocrx_word' id='word_1_238' title='bbox 1669 3880 1836 3961; x_wconf 85' lang='lat' dir='ltr'>medium</span> <span class='ocrx_word' id='word_1_239' title='bbox 1868 3899 1994 3975; x_wconf 76' lang='lat' dir='ltr'>autem</span> <span class='ocrx_word' id='word_1_240' title='bbox 2031 3878 2120 3967; x_wconf 78' lang='lat' dir='ltr'>einr</span> 
     </span>
     <span class='ocr_line' id='line_1_25' title="bbox 356 3977 2118 4097; baseline 0.015 -43"><span class='ocrx_word' id='word_1_241' title='bbox 356 3977 445 4055; x_wconf 90' lang='lat' dir='ltr'>loco</span> <span class='ocrx_word' id='word_1_242' title='bbox 486 4000 642 4067; x_wconf 80' lang='lat' dir='ltr'>uranus,</span> <span class='ocrx_word' id='word_1_243' title='bbox 682 3979 745 4057; x_wconf 91' lang='lat' dir='ltr'>ubi</span> <span class='ocrx_word' id='word_1_244' title='bbox 781 3981 859 4057; x_wconf 81' lang='lat' dir='ltr'>eius</span> <span class='ocrx_word' id='word_1_245' title='bbox 894 3978 1028 4079; x_wconf 83' lang='lat' dir='ltr'>species</span> <span class='ocrx_word' id='word_1_246' title='bbox 1061 3980 1210 4087; x_wconf 75' lang='lat' dir='ltr'>poliunt</span> <span class='ocrx_word' id='word_1_247' title='bbox 1253 3989 1292 4064; x_wconf 68' lang='grc' dir='ltr'>δι</span> <span class='ocrx_word' id='word_1_248' title='bbox 1318 3990 1584 4070; x_wconf 74' lang='lat' dir='ltr'>distinctionem</span> <span class='ocrx_word' id='word_1_249' title='bbox 1615 4016 1682 4095; x_wconf 88' lang='lat' dir='ltr'>per</span> <span class='ocrx_word' id='word_1_250' title='bbox 1708 3985 1730 4075; x_wconf 76' lang='lat' dir='ltr'>lt</span> <span class='ocrx_word' id='word_1_251' title='bbox 1759 3995 1971 4097; x_wconf 82' lang='lat' dir='ltr'>quadrum:</span> <span class='ocrx_word' id='word_1_252' title='bbox 2003 4000 2044 4077; x_wconf 73' lang='grc' dir='ltr'>δι</span> <span class='ocrx_word' id='word_1_253' title='bbox 2074 4001 2118 4096; x_wconf 83' lang='lat' dir='ltr'>in</span> 
     </span>
    </p>
   </div>
   <div class='ocr_carea' id='block_1_9' title="bbox 357 4089 2083 4300">
    <p class='ocr_par' dir='ltr' id='par_1_11' title="bbox 357 4089 2083 4300">
     <span class='ocr_line' id='line_1_26' title="bbox 358 4089 2083 4199; baseline 0.016 -35"><span class='ocrx_word' id='word_1_254' title='bbox 358 4090 510 4193; x_wconf 83' lang='lat' dir='ltr'>proprie</span> <span class='ocrx_word' id='word_1_255' title='bbox 547 4090 719 4191; x_wconf 85' lang='lat' dir='ltr'>reperiri3</span> <span class='ocrx_word' id='word_1_256' title='bbox 750 4089 925 4169; x_wconf 80' lang='lat' dir='ltr'>debemur</span> <span class='ocrx_word' id='word_1_257' title='bbox 958 4093 1058 4175; x_wconf 81' lang='lat' dir='ltr'>eninr</span> <span class='ocrx_word' id='word_1_258' title='bbox 1090 4094 1212 4177; x_wconf 84' lang='lat' dir='ltr'>lucare</span> <span class='ocrx_word' id='word_1_259' title='bbox 1253 4100 1386 4183; x_wconf 74' lang='lat' dir='ltr'>auden</span> <span class='ocrx_word' id='word_1_260' title='bbox 1409 4101 1498 4184; x_wconf 88' lang='lat' dir='ltr'>loeo</span> <span class='ocrx_word' id='word_1_261' title='bbox 1523 4104 1631 4183; x_wconf 83' lang='lat' dir='ltr'>etiam</span> <span class='ocrx_word' id='word_1_262' title='bbox 1655 4110 1900 4199; x_wconf 83' lang='lat' dir='ltr'>terminatur.</span> <span class='ocrx_word' id='word_1_263' title='bbox 1933 4124 1976 4190; x_wconf 88' lang='lat' dir='ltr'>ut</span> <span class='ocrx_word' id='word_1_264' title='bbox 1998 4110 2083 4191; x_wconf 84' lang='lat' dir='ltr'>hic:</span> 
     </span>
     <span class='ocr_line' id='line_1_27' title="bbox 357 4198 1213 4300; baseline 0.015 -25"><span class='ocrx_word' id='word_1_265' title='bbox 357 4198 455 4275; x_wconf 88' lang='lat' dir='ltr'>hanc</span> <span class='ocrx_word' id='word_1_266' title='bbox 481 4203 791 4283; x_wconf 83' lang='lat' dir='ltr'>communionem</span> <span class='ocrx_word' id='word_1_267' title='bbox 818 4200 950 4281; x_wconf 82' lang='lat' dir='ltr'>Beatus</span> <span class='ocrx_word' id='word_1_268' title='bbox 966 4200 1100 4300; x_wconf 76' lang='lat' dir='ltr'>servus</span> <span class='ocrx_word' id='word_1_269' title='bbox 1128 4210 1213 4287; x_wconf 87' lang='lat' dir='ltr'>inu</span> 
     </span>
    </p>
   </div>
   <div class='ocr_carea' id='block_1_10' title="bbox 353 4688 2124 5157">
    <p class='ocr_par' dir='ltr' id='par_1_12' title="bbox 353 4688 2124 5157">
     <span class='ocr_line' id='line_1_28' title="bbox 416 4688 1948 4815; baseline 0.017 -44"><span class='ocrx_word' id='word_1_270' title='bbox 416 4688 463 4771; x_wconf 87' lang='lat' dir='ltr'>Et</span> <span class='ocrx_word' id='word_1_271' title='bbox 491 4694 570 4774; x_wconf 83' lang='lat' dir='ltr'>ralis</span> <span class='ocrx_word' id='word_1_272' title='bbox 600 4708 715 4799; x_wconf 83' lang='lat' dir='ltr'>tunus</span> <span class='ocrx_word' id='word_1_273' title='bbox 748 4694 883 4773; x_wconf 88' lang='lat' dir='ltr'>dlcitur</span> <span class='ocrx_word' id='word_1_274' title='bbox 917 4694 1135 4801; x_wconf 80' lang='lat' dir='ltr'>acquisstur,</span> <span class='ocrx_word' id='word_1_275' title='bbox 1165 4726 1214 4783; x_wconf 83' lang='lat' dir='ltr'>eo</span> <span class='ocrx_word' id='word_1_276' title='bbox 1415 4704 1472 4787; x_wconf 82' lang='lat' dir='ltr'>Dr</span> <span class='ocrx_word' id='word_1_277' title='bbox 1495 4711 1688 4811; x_wconf 79' lang='lat' dir='ltr'>principiis</span> <span class='ocrx_word' id='word_1_278' title='bbox 1710 4719 1832 4815; x_wconf 80' lang='lat' dir='ltr'>primi</span> <span class='ocrx_word' id='word_1_279' title='bbox 1855 4720 1948 4798; x_wconf 85' lang='lat' dir='ltr'>tuni.</span> 
     </span>
     <span class='ocr_line' id='line_1_29' title="bbox 353 4801 2124 4939; baseline 0.02 -57"><span class='ocrx_word' id='word_1_280' title='bbox 353 4801 464 4906; x_wconf 89' lang='lat' dir='ltr'>quod</span> <span class='ocrx_word' id='word_1_281' title='bbox 487 4805 735 4910; x_wconf 77' lang='lat' dir='ltr'>adquiruntur</span> <span class='ocrx_word' id='word_1_282' title='bbox 758 4808 835 4883; x_wconf 79' lang='lat' dir='ltr'>eius</span> <span class='ocrx_word' id='word_1_283' title='bbox 859 4803 994 4906; x_wconf 78' lang='lat' dir='ltr'>specics</span> <span class='ocrx_word' id='word_1_284' title='bbox 1014 4830 1080 4909; x_wconf 83' lang='lat' dir='ltr'>per</span> <span class='ocrx_word' id='word_1_285' title='bbox 1102 4814 1214 4893; x_wconf 85' lang='lat' dir='ltr'>uaria·</span> <span class='ocrx_word' id='word_1_286' title='bbox 1310 4813 1453 4899; x_wconf 78' lang='lat' dir='ltr'>Primus</span> <span class='ocrx_word' id='word_1_287' title='bbox 1478 4834 1588 4899; x_wconf 82' lang='lat' dir='ltr'>tonus</span> <span class='ocrx_word' id='word_1_288' title='bbox 1615 4822 1724 4902; x_wconf 85' lang='lat' dir='ltr'>habet</span> <span class='ocrx_word' id='word_1_289' title='bbox 1750 4832 1934 4931; x_wconf 87' lang='lat' dir='ltr'>principia</span> <span class='ocrx_word' id='word_1_290' title='bbox 1961 4838 2124 4939; x_wconf 76' lang='lat' dir='ltr'>proprie</span> 
     </span>
     <span class='ocr_line' id='line_1_30' title="bbox 353 4908 2123 5049; baseline 0.021 -57"><span class='ocrx_word' id='word_1_291' title='bbox 353 4917 501 4994; x_wconf 84' lang='lat' dir='ltr'>tionem</span> <span class='ocrx_word' id='word_1_292' title='bbox 523 4910 763 5018; x_wconf 74' lang='lat' dir='ltr'>signoruni</span> <span class='ocrx_word' id='word_1_293' title='bbox 795 4914 945 4995; x_wconf 86' lang='lat' dir='ltr'>rotundi</span> <span class='ocrx_word' id='word_1_294' title='bbox 973 4908 1211 5021; x_wconf 49' lang='lat' dir='ltr'>&amp;equadri</span> <span class='ocrx_word' id='word_1_295' title='bbox 1255 4928 1442 5030; x_wconf 81' lang='lat' dir='ltr'>quinque,</span> <span class='ocrx_word' id='word_1_296' title='bbox 1473 4930 1608 5011; x_wconf 85' lang='lat' dir='ltr'>scilicet</span> <span class='ocrx_word' id='word_1_297' title='bbox 1633 4934 1676 5015; x_wconf 86' lang='lat' dir='ltr'>C.</span> <span class='ocrx_word' id='word_1_298' title='bbox 1702 4936 1751 5018; x_wconf 91' lang='lat' dir='ltr'>D.</span> <span class='ocrx_word' id='word_1_299' title='bbox 1774 4937 1816 5020; x_wconf 85' lang='lat' dir='ltr'>F.</span> <span class='ocrx_word' id='word_1_300' title='bbox 1845 4943 1884 5021; x_wconf 73' lang='grc' dir='ltr'>δι</span> <span class='ocrx_word' id='word_1_301' title='bbox 1910 4942 1960 5026; x_wconf 83' lang='lat' dir='ltr'>G.</span> <span class='ocrx_word' id='word_1_302' title='bbox 1987 4968 2123 5049; x_wconf 60' lang='lat' dir='ltr'>grave,</span> 
     </span>
     <span class='ocr_line' id='line_1_31' title="bbox 355 5024 2124 5157; baseline 0.021 -54"><span class='ocrx_word' id='word_1_303' title='bbox 355 5024 396 5104; x_wconf 74' lang='grc' dir='ltr'>ἀ</span> <span class='ocrx_word' id='word_1_304' title='bbox 416 5026 458 5105; x_wconf 90' lang='lat' dir='ltr'>iu</span> <span class='ocrx_word' id='word_1_305' title='bbox 478 5024 553 5108; x_wconf 85' lang='lat' dir='ltr'>alin</span> <span class='ocrx_word' id='word_1_306' title='bbox 577 5025 667 5109; x_wconf 81' lang='lat' dir='ltr'>locu</span> <span class='ocrx_word' id='word_1_307' title='bbox 685 5050 766 5139; x_wconf 84' lang='lat' dir='ltr'>qun</span> <span class='ocrx_word' id='word_1_308' title='bbox 785 5026 992 5132; x_wconf 82' lang='lat' dir='ltr'>improprie</span> <span class='ocrx_word' id='word_1_309' title='bbox 1017 5033 1214 5115; x_wconf 85' lang='lat' dir='ltr'>terminan-</span> <span class='ocrx_word' id='word_1_310' title='bbox 1256 5036 1293 5117; x_wconf 88' lang='lat'>&amp;</span> <span class='ocrx_word' id='word_1_311' title='bbox 1326 5057 1544 5137; x_wconf 76' lang='lat' dir='ltr'>uerutum,</span> <span class='ocrx_word' id='word_1_312' title='bbox 1573 5050 1827 5137; x_wconf 82' lang='lat' dir='ltr'>commixtum</span> <span class='ocrx_word' id='word_1_313' title='bbox 1856 5076 1949 5138; x_wconf 81' lang='lat' dir='ltr'>tero</span> <span class='ocrx_word' id='word_1_314' title='bbox 1979 5081 2124 5157; x_wconf 77' lang='lat' dir='ltr'>unurn,</span> 
     </span>
    </p>
   </div>
   <div class='ocr_carea' id='block_1_11' title="bbox 353 5146 2063 5271">
    <p class='ocr_par' dir='ltr' id='par_1_13' title="bbox 353 5146 2063 5271">
     <span class='ocr_line' id='line_1_32' title="bbox 353 5146 2063 5271; baseline -0.001 -55"><span class='ocrx_word' id='word_1_315' title='bbox 353 5146 430 5216; x_wconf 85' lang='lat' dir='ltr'>tur.</span> <span class='ocrx_word' id='word_1_316' title='bbox 805 5248 810 5255; x_wconf 31' lang='grc' dir='ltr'>Ι</span> <span class='ocrx_word' id='word_1_317' title='bbox 1086 5263 1090 5271; x_wconf 27' lang='grc' dir='ltr'>Ι</span> <span class='ocrx_word' id='word_1_318' title='bbox 1963 5168 2063 5261; x_wconf 50' lang='grc' dir='ltr'>ΜΗ,</span> 
     </span>
    </p>
   </div>
   <div class='ocr_carea' id='block_1_12' title="bbox 0 0 2398 6020">
    <p class='ocr_par' dir='ltr' id='par_1_14' title="bbox 0 0 2398 6020">
     <span class='ocr_line' id='line_1_33' title="bbox 0 0 2398 6020; baseline 0 0"><span class='ocrx_word' id='word_1_319' title='bbox 0 0 2398 6020; x_wconf 95' lang='lat' dir='ltr'> </span> 
     </span>
    </p>
   </div>
  </div>
 </body>
</html>
