4750 6025
817 512 1054 635 232
1341 567 1347 571 -
1492 625 1498 631 ‚
1921 495 2439 596 romum
2524 507 2689 593 nn
2776 501 3163 622 Mums

1124 744 1131 753 ·
1177 752 1182 756 -
1354 689 1699 781 Tertius,
1762 687 2213 771 etiams-G.
2265 686 2622 793 septimus
2663 687 2962 770 inchoat
3018 693 3096 777 in
3165 682 3228 795 ¹!-

1361 804 1524 902 Qui
1574 800 1788 882 semel
1838 814 1963 883 aut
2009 800 2264 891 ,multis
2313 802 2588 881 vicibus
2638 797 2854 881 tenor
2900 803 3004 883 est
3045 800 3427 895 variandus
3482 857 3484 860 .

1360 917 1919 1017 Cuiuscumque
1973 916 2181 1004 toni,
2242 928 2486 993 tamen
2547 916 2701 993 exit
2753 915 3016 995 abinde
3073 914 3455 999 secundus.

1365 1025 1622 1107 Gloria
1675 1025 1863 1104 finiri
1922 1028 2185 1106 variata
2244 1048 2431 1105 voce
2487 1024 2835 1117 docetur,
2969 1094 2975 1098 .
3031 1064 3038 1074 ·

1361 1139 1805 1242 Antiphonae
1855 1139 2072 1240 capiti
2124 1138 2329 1242 quod
2381 1160 2475 1217 eo
2527 1140 2758 1238 magis
2807 1135 3241 1220 affimiletur.

1360 1252 1527 1334 Nec
1575 1250 1839 1329 solum·
1870 1251 2196 1352 primum
2249 1262 2525 1329 cantor·
2558 1249 2950 1350 distinguat
2997 1251 3074 1328 δι
3125 1254 3399 1342 imum.

1358 1362 1658 1445 Pansam
1712 1362 1918 1465 quod
1974 1362 2286 1463 praebet,
2349 1360 2676 1440 medium
2728 1360 3168 1463 distinguere,
3210 1363 3449 1443 debet.

1359 1475 1430 1557 A
1477 1474 1774 1578 reliquis
1824 1473 2084 1553 distant
2132 1477 2458 1576 primus,
2519 1486 2863 1576 quartus,
2925 1497 3232 1578 quoque
3279 1472 3540 1557 sextus.

1361 1587 1677 1669 Additur
1735 1586 2029 1665 ofiavus
2084 1586 2162 1661 in
2220 1582 2703 1685 Magnificat,
2765 1583 3191 1665 Benediaus.

1362 1697 1842 1802 RespOnsoria
1900 1697 2075 1777 dant
2128 1693 2444 1786 Versus,
2506 1694 2724 1775 dant
2745 1693 3003 1776 Gloria
3056 1720 3409 1812 quaeque,

1337 1810 1623 1910 *Claves
1679 1808 1924 1888 finales
1984 1832 2137 1888 non
2196 1807 2553 1911 aspiciunt
2607 1823 2851 1887 tamen
2910 1832 3137 1912 aeque.

1361 1920 1539 2003 Hoc
1587 1920 1669 2001 fit
1721 1923 1886 2054 post
1938 1919 2292 2010 Versum,
2356 1922 2560 2023 quia
2575 1932 2829 1999 cantus
2883 1938 3045 2042 pars
3090 1922 3429 2014 iteratur.

1202 2065 1209 2071 ·
1363 2032 1600 2115 Cuius
1652 2034 2017 2135 principio
2057 2028 2230 2110 finis
2269 1976 2551 2111 Versus
2600 2028 3030 2112 famulatur.
3295 2069 3298 2072 ·

1200 2174 1204 2177 ·
1363 2143 1718 2230 Introitus
1773 2146 1846 2222 &
1901 2142 2170 2223 habent
2219 2138 2490 2222 Versus
2544 2142 2642 2220 δι
2675 2138 2932 2221 Gloria
2972 2144 3266 2235 οιιιιᾶἰ.

1366 2257 1564 2339 Cum
1619 2257 1883 2359 quibus
1932 2258 2011 2333 in
2066 2254 2249 2335 clavi
2297 2252 2497 2333 finali
2543 2225 2712 2334 sunt
2762 2255 2949 2335 bene
2999 2255 3263 2336 iuneti.
3389 2332 3392 2336 .

1363 2368 1662 2475 Tertius
1717 2370 2037 2447 exeritur
2088 2380 2353 2476 quarto
2409 2368 2680 2468 quinto,
2722 2364 3043 2463 sociatis,

1364 2476 1678 2582 Propter
1706 2480 2168 2581 ,principium
2220 2477 2452 2558 claves
2504 2490 2787 2557 mutare
2839 2481 3123 2580 paratis.

1369 2592 1625 2687 Quem
1673 2589 1985 2671 Versum
2033 2603 2288 2696 cantus
2340 2588 2548 2694 quod
2607 2587 2860 2667 Gloria
2912 2591 3129 2669 debet
3180 2588 3485 2680 habere,

1364 2705 1666 2807 Absque
1717 2705 1914 2781 notis
1966 2701 2172 2781 facile
2223 2724 2518 2804 nequeo
2577 2724 2710 2803 per
2766 2699 2994 2784 metra'
3043 2702 3333 2782 docere.
3456 2753 3461 2757 -

1362 2813 1470 2899 D.
1516 2837 1738 2916 grave
1781 2815 2222 2916 principium
2267 2816 2548 2916 primus
2594 2812 2835 2903 dabit,
2896 2836 2962 2892 a.
3013 2838 3313 2916 quoque
3357 2809 3678 2905 sursum-5

1366 2926 1461 3007 C.
1509 2925 1605 3009 D.
1657 2924 1770 3005 vel
1816 2921 1894 3005 F.
1944 2941 2073 3005 aut
2122 2949 2186 3003 a.
2235 2925 2477 3014 subdit
2527 2922 2750 3014 aiter,
2814 2924 2890 3001 ἃ.
2940 2948 3005 3002 a.
3055 2922 3172 3004 fit
3184 2938 3391 3026 acuta

1367 3037 1499 3119 G.
1515 3061 1819 3143 quoque
1869 3037 1991 3117 dat
2042 3060 2180 3139 pro
2237 3037 2312 3116 0.
2358 3038 2576 3117 clavis
2631 3027 2903 3117 mutata
2954 3018 3249 3116 necess'e.

1363 3147 1665 3230 Tettius
1718 3152 1905 3229 intra
1957 3172 2014 3227 c.
2062 3148 2385 3239 sursum,
2446 3137 2761 3252 quartus
2792 3163 3036 3228 tamen
3089 3164 3151 3227 ιι.
3204 3142 3290 3227 G.
3439 3169 3444 3174 ·

1361 3261 1456 3343 A,
1502 3257 1675 3341 curn
1720 3283 1777 3339 ι·
1826 3264 2172 3363 quintus..
2234 3244 2393 3339 dat
2408 3259 2682 3339 sursum
2728 3281 2786 3337 c.
2836 3283 3136 3365 quoque
3185 3259 3451 3344 sextus.
3530 3342 3538 3347 .

1367 3371 1693 3455 Oetavus
1739 3386 1882 3476 per
1924 3395 1979 3450 c.
2026 3372 2149 3451 sed
2195 3371 2539 3474 septimus
2590 3370 2847 3474 incipit
2896 3375 2970 3450 in
3024 3370 3091 3450 d.

1363 3481 1540 3566 Hoc
1587 3484 1756 3564 licet
1806 3481 2159 3574 ecclefiae,
2220 3483 2377 3564 satis
2430 3483 2693 3564 edocet
2742 3485 2959 3587 atque
3012 3497 3361 3585 patenter.

1368 3595 1608 3692 Quod
1663 3599 1791 3698 qui
1817 3596 2022 3674 scire
2067 3595 2307 3686 volet,
2370 3610 2641 3698 quaerat
2674 3607 3076 3698 cantetque
3125 3596 3455 3676 libenter.

1364 3708 1444 3788 Si
1498 3708 1629 3786 tibi
1679 3707 1857 3787 scire
1907 3702 2186 3809 placet,
2248 3709 2562 3786 breviter
2611 3703 2902 3786 differre
2949 3721 3300 3788 tonorum
3474 3732 3477 3736 ’

1368 3816 1708 3915 Qualiter
1759 3820 1832 3896 δε
1882 3823 2239 3921 quantum
2291 3823 2608 3897 varietur
2658 3821 2891 3920 quivis
2946 3844 3225 3899 eorum.
3664 3919 3667 3922 ἢ

1356 3927 1654 4010 'Primus
1696 3944 1792 4008 ιιι
1842 3951 1991 4007 ecce
2032 3928 2243 4020 leva,
2308 3926 2546 4008 dubius
2574 3926 2753 4030 spe,
2813 3929 2930 4009 vel
2977 3929 3308 4016 Lazarus
3353 3928 3561 4022 exit3

1363 4033 1635 4142 Estque
1685 4039 2034 4121 secundus
2090 4055 2172 4121 ut
2229 4039 2314 4118 Ο.
2374 4039 2482 4138 (a)
2536 4064 2739 4121 nunc
2784 4065 2953 4121 cnm
3003 4043 3132 4120 tibi
3178 4039 3342 4142 plns
3390 4023 3716 4123 variabat.

1153 4148 1159 4154 ’
1219 4176 1223 4179 ’
1364 4149 1665 4243 Tertius
1710 4153 1810 4230 est
1854 4155 2223 4254 quinque,
2283 4155 2618 4255 quoniam
2667 4150 3015 4232 Dominus
3061 4151 3497 4232 Simeonem

1368 4259 1706 4357 Quartus
1754 4258 1913 4363 post
1969 4262 2229 4342 rubum
2283 4260 2440 4360 (*)
2471 4261 2737 4359 fidelia
2768 4264 2958 4342 Sion.
3307 4297 3314 4302 ·

1366 4374 1699 4469 Quintus
1755 4397 1906 4451 vox
1953 4370 2187 4462 olma,
2250 4376 2489 4454 sextus
2544 4390 2808 4455 notum
2851 4374 3293 4455 Benedfflus.
3432 4460 3440 4469 ,

1365 4485 1737 4585 Septimus
1798 4480 2061 4583 Afferte
2107 4484 2386 4586 Ioseph.
2439 4486 2718 4566 Omnes.
2778 4485 2960 4587 (*)
2983 4499 3357 4592 caputque.

1367 4594 1686 4678 Oitavus
1745 4595 2004 4675 Petrus
2054 4596 2189 4675 hoc
2237 4597 2480 4684 hodie.
2539 4598 2793 4678 Veniet
2850 4621 3147 4702 qnoque
3180 4622 3335 4678 nos
3384 4599 3464 4676 in
3515 4600 3548 4614 “’

1360 4705 1654 4788 Plenius
1707 4708 1856 4788 hoc
1906 4711 2180 4788 notulis
2229 4710 2412 4789 liber
2467 4709 2584 4789 bic
2637 4711 2856 4791 docet
2904 4711 3049 4812 ipse
3102 4710 3401 4801 tonniis,

1360 4818 1632 4922 Saepius
1690 4820 1811 4899 ilie
1862 4819 2042 4908 tibi,
2104 4820 2236 4900 tibi
2295 4821 2648 4911 consuto.
2710 4819 2808 4913 fit
2836 4821 3214 4902 manualis.
3345 4858 3351 4865 ·

1478 5055 1570 5134 (ι)
1610 5053 1736 5113 Seii.
1782 5055 2080 5129 antiphona
2122 5056 2190 5114 0.
2232 5056 2296 5113 in
2330 5055 2603 5115 Adventu·
3915 4930 4117 5016 CAR
