4750 6025
735 561 1017 670 cnauuuu
1057 567 1454 657 romanarum.
1842 509 1958 702 385

230 765 310 827 non
340 741 531 851 prasumat
563 745 733 830 recedere
771 743 943 830 acharo
973 747 1075 834 causa
1115 761 1244 830 tamen
1277 747 1458 834 deaurato
1489 749 1595 856 qnod
1628 755 1667 833 tn
1689 767 1894 852 eventum,
1919 761 1960 842 in

228 855 343 938 cnudi
366 858 414 941 ad
436 858 622 942 sacdliiam
650 859 708 942 vel
738 859 848 941 alium
875 860 1002 943 locum
1027 859 1076 944 ad
1115 883 1195 966 quo
1222 859 1335 967 aliqui
1372 877 1540 945 cantores
1574 867 1731 946 obtenta.
1759 868 1905 951 licentia
1936 896 1959 954 a

228 967 428 1052 decadum
464 967 652 1064 officium,
681 985 747 1054 aut
780 969 970 1076 spatiatum
997 995 1075 1078 'per
1115 970 1452 1079 pranmcollegto
1479 993 1671 1060 cantorum
1699 992 1799 1062 extra
1825 977 1958 1065 didam

228 1079 439 1183 Capellam,
469 1081 526 1164 vel
555 1082 694 1187 aliquId
722 1106 790 1186 per
813 1085 985 1186 palatium
1007 1107 1073 1166 ne-
1113 1083 1298 1187 Capellam
1318 1085 1466 1190 aliquod
1485 1083 1650 1170 officium
1671 1090 1955 1189 decantaverint,

226 1193 468 1294 gotiaudum,
491 1193 606 1275 llante
635 1195 761 1278 divino
786 1191 912 1276 officio
942 1199 983 1276 in
1017 1197 1072 1276 dl-
1113 1197 1151 1274 da
1166 1233 1168 1238 ·
1186 1219 1235 1275 ex
1264 1197 1476 1280 huiusmodi
1512 1197 1637 1280 officio
1668 1202 1860 1286 decantato
1892 1208 1957 1286 ali-

226 1304 281 1386 ua
301 1303 475 1408 Capella:
507 1305 546 1385 dc
565 1309 630 1409 qui
657 1310 695 1386 in
720 1305 902 1410 pramissis
924 1322 1070 1388 contra·
1111 1307 1216 1410 quod
1253 1311 1443 1410 premium
1484 1310 1544 1391 seu
1582 1312 1750 1394 ialarIumv
1783 1341 1956 1421 percepe-

224 1419 387 1508 venerit,
417 1415 647 1520 pandabitur
678 1421 718 1498 iu
753 1417 910 1522 duplum
941 1413 1067 1511 officii,
1109 1421 1206 1510 slut,
1237 1417 1373 1536 ditium
1391 1415 1554 1504 salarium
1571 1425 1665 1504 inter
1683 1440 1850 1508 cantores
1873 1455 1962 1532 par·-

224 1529 331 1633 quod
363 1543 453 1612 tunc
475 1533 654 1635 temporis
670 1529 945 1629 celebrabitur,
974 1531 1068 1610 arbi-
1107 1531 1300 1636 ticipantea
1325 1532 1363 1612 dc
1385 1528 1515 1615 Romae
1539 1549 1813 1628 commorantes
1838 1540 1955 1624 distri·

225 1644 301 1721 trio
324 1644 540 1748 antiquioris
568 1645 728 1745 cantoria
758 1641 819 1725 seu
836 1641 1068 1748 ‘pumma
1109 1643 1255 1726 buatur.

225 1754 329 1836 dina
353 1755 519 1860 capella.
1404 1752 1547 1838 Carnu
1576 1754 1669 1842 xv.

508 1867 651 1950 erran
675 1859 782 1950 XIII.
1223 1860 1280 1944 Dc
1301 1861 1406 1964 silicio
1427 1867 1550 1948 ultimi
1573 1867 1840 1974 &poenitat

223 1977 283 2066 De
300 1971 447 2065 dcentir
468 1979 576 2060 errndi
599 1991 705 2059 extra
729 1979 878 2062 admunt
899 1993 974 2081 'pro
997 1969 1068 2060 aii·
1163 1969 1311 2060 Ultimo
1344 1983 1486 2059 cantori
1519 1986 1678 2085 pertinet
1710 2009 1886 2069 amovere
1910 1984 1955 2068 li-

403 2117 471 2197 qun
488 2088 713 2194 pertimiari
732 2097 885 2192 negotia
1106 2088 1215 2181 bros,
1242 2089 1280 2169 dt
1303 2089 1506 2193 penultimo
1525 2093 1610 2173 illos
1634 2093 1762 2177 fituare
1785 2101 1824 2177 in
1849 2099 1953 2202 legio
2009 2142 2012 2148 ,

279 2203 416 2287 Nullus
441 2215 572 2287 cantor
601 2227 675 2308 pro
702 2202 834 2308 ‘aliquo
861 2199 1067 2307 pactioalati
1105 2199 1168 2282 seu
1201 2200 1406 2292 facistorio,
1435 2191 1537 2284 inxit
1567 2203 1837 2290 ordinationem
1865 2233 1953 2291 cau·

222 2317 381 2420 negotio
405 2320 543 2422 absque
567 2315 711 2398 licentia
734 2317 953 2420 antiquioris
982 2325 1067 2395 cau·
1107 2325 1254 2421 torum,
1284 2312 1451 2393 videlicet
1476 2317 1648 2396 contrairi
1676 2317 1954 2402 hebdomadarii

222 2431 317 2510 toris
340 2433 378 2510 in
399 2429 518 2509 choro
539 2429 743 2519 existentis.
766 2423 828 2507 seu
847 2424 932 2507 didi
953 2425 1068 2506 colle·
1106 2423 1168 2506 seu
1191 2421 1335 2504 Deoani
1356 2424 1457 2504 dida
1479 2425 1657 2532 Capella:
1687 2431 1775 2522 item
1800 2433 1952 2515 ultimus

218 2545 285 2644 gii
298 2541 540 2644 puadatoris,
561 2541 673 2620 stmte
694 2538 823 2634 divino
846 2536 972 2618 officio
996 2537 1067 2618 ier·
1106 2539 1147 2616 dc
1168 2536 1392 2642 penultimus
1413 2551 1584 2618 cantores
1605 2553 1776 2622 tenemur
1799 2545 1837 2622 in
1861 2569 1954 2647 prn-

220 2657 355 2734 vitium
377 2651 535 2756 Capella
557 2654 830 2754 praetermittere
852 2649 1065 2754 praesumam
1107 2645 1322 2759 cellionibua
1346 2647 1459 2729 libros
1483 2647 1591 2751 iplius
1612 2649 1770 2754 Capella
1798 2653 1953 2738 neuella-

222 2765 264 2845 &
296 2766 361 2869 qul
385 2765 676 2868 contravenerit,
707 2762 938 2865 pandabitur
965 2763 1066 2842 iuxta
1107 2761 1183 2843 tius
1209 2761 1247 2841 in
1272 2757 1353 2863 iplis
1375 2759 1662 2863 procellonibus
1686 2764 1836 2847 deferre.

220 2877 395 2957 ordinem
416 2874 532 2956 divini
554 2871 666 2960 officii
689 2875 727 2954 δι
747 2873 991 2980 capitulorum
1010 2874 1070 2954 in·
1392 2869 1537 2952 Curua
1555 2871 1665 2954 XVI.

221 2982 507 3096 iralcriptnrum.
1108 2980 1168 3065 De
1191 2991 1335 3065 camora
1359 2986 1625 3084 praevrrimate
1653 2994 1676 3066 a
1696 2980 1855 3091 seruitio
1883 2985 1952 3072 Ua·

503 3099 646 3183 esrae
673 3090 784 3181 XIV.
1471 3094 1584 3197 pelio.

238 3208 331 3299 Non
349 3209 472 3293 dedant
492 3221 600 3291 tetra
624 3206 800 3319 capeliam
819 3199 971 3314 Miffam
990 3203 1050 3291 de·
1151 3200 1299 3289 Nullus
1313 3216 1443 3287 cantor
1455 3202 1622 3290 admilsus
1638 3207 1676 3289 in
1692 3206 1853 3313 collegio
1865 3236 1954 3294 cau·

364 3394 366 3398 .
571 3334 728 3427 andare.
820 3400 822 3405 ,
1106 3332 1233 3401 torum
1258 3318 1361 3399 dista
1383 3317 1542 3422 Capella
1564 3320 1754 3423 prasumat
1775 3322 1953 3426 provilia-

273 3431 371 3519 'Non
389 3432 475 3516 litet
491 3434 701 3517 cantoribus
722 3447 824 3515 extta
842 3428 973 3514 didam
990 3428 1068 3513 Ca·
1108 3436 1197 3517 uem
1221 3426 1293 3508 five
1315 3428 1484 3542 salarium
1500 3432 1549 3509 ab⁴
1572 3432 1645 3512 alio
1670 3447 1830 3537 patrono
1858 3451 1952 3517 tam·

219 3547 359 3655 pellam
397 3546 529 3650 diripis
567 3538 696 3628 officiis
736 3537 888 3639 servire,
916 3543 1003 3624 ideo
1034 3536 1067 3621 'u
1108 3566 1218 3648 quarn
1247 3558 1376 3621 nautor
1401 3545 1584 3644 tenpore,
1618 3547 1660 3622 dt
1690 3546 1731 3624 iu
1761 3561 1950 3639 eventum,

217 3681 344 3750 unus,
372 3657 472 3749 duo,
503 3656 561 3739 vel
586 3672 659 3739 tter
678 3670 741 3737 aut
757 3656 881 3759 plures
901 3670 1067 3737 cantores
1106 3658 1146 3735 iu
1167 3676 1278 3757 quem
1297 3653 1424 3755 aliquit
1443 3666 1640 3734 cantorum
1662 3656 1701 3734 in
1721 3655 1868 3737 servitiis
1887 3660 1952 3739 ali-

218 3772 362 3855 intuitu
397 3765 548 3852 alicuius
576 3765 684 3851 amici
720 3768 777 3848 vel
804 3768 950 3848 alterius
973 3770 1067 3846 cau·
1107 3766 1212 3847 cuius
1238 3767 1386 3867 patroni
1416 3766 1613 3857 exstiterit,
1644 3768 1682 3845 &
1714 3766 1877 3849 salarium
1904 3770 1951 3849 ala

219 3886 318 3966 toris
356 3884 513 3963 utriusvis
551 3880 713 3985 perdone
744 3882 885 3981 absque
920 3879 1068 3957 litantia
1107 3876 1239 3972 eodem
1275 3878 1499 3980 perceperit.
1540 3900 1621 3957 non
1657 3877 1768 3958 debet
1808 3881 1952 3961 admitti

218 3992 312 4077 diiii
339 3992 487 4095 collegii
517 4008 714 4073 cantorum
746 3988 890 4072 Mlliam
918 4004 981 4071 aut
1009 4010 1070 4069 ve·
1109 3987 1261 4075 ulterius
1289 3992 1328 4066 in
1365 3987 1453 4069 Ioco
1490 3986 1578 4079 Iun,
1607 4014 1677 4069 uec
1713 3990 1833 4094 poteli
1861 3990 1951 4081 dici,

218 4108 344 4213 speras
373 4104 432 4183 vel
446 4104 555 4184 aliud
582 4104 746 4185 divinum
776 4098 940 4183 officium
966 4115 1068 4180 esrtm
1108 4099 1215 4205 quod
1237 4098 1281 4177 lit
1304 4099 1459 4201 amplius
1481 4099 1528 4179 de
1548 4100 1712 4202 collegio
1733 4116 1951 4184 cantoratus

222 4220 357 4301 didam
400 4213 596 4318 Capellam
620 4214 884 4303 decantaverit,
914 4212 1069 4316 quilibet
1109 4212 1169 4292 sed
1188 4208 1216 4290 u
1236 4210 1462 4313 recipiendus
1481 4211 1551 4301 est,
1571 4215 1765 4314 recipiatur
1784 4237 1851 4317 per
1869 4213 1954 4295 Ma·

218 4349 274 4415 en
302 4318 403 4407 didit
422 4328 633 4407 cantoribus
659 4324 890 4428 puntiabitnr
911 4326 948 4403 in
970 4319 1068 4404 tuliis
1109 4324 1262 4427 gistrum
1285 4320 1442 4425 Capella
1462 4324 1502 4403 da
1520 4323 1722 4425 collegIam
1741 4337 1952 4418 cantorum,

220 4444 378 4525 &centa
404 4436 441 4518 dr
464 4436 492 4518 ii
513 4460 560 4519 err
581 4433 707 4533 officio
729 4450 832 4517 extra
850 4430 1069 4516 timuer-
1108 4434 1136 4516 fi
1156 4436 1208 4515 eir
1231 4432 1429 4537 placuerit,
1460 4434 1498 4514 da
1523 4459 1602 4515 non
1624 4435 1708 4516 alias
1730 4439 1769 4516 in
1789 4437 1953 4540 collegIo

219 4552 384 4661 pellam„
410 4563 454 4631 ut
472 4548 682 4653 prefertur,
706 4548 896 4630 decantato
916 4546 1068 4652 aliquod
1108 4546 1281 4652 pradido
1308 4545 1361 4627 eit
1389 4547 1639 4651 recipiendus,
1669 4548 1755 4651 quia
1785 4550 1953 4630 musetur

224 4664 391 4763 Mum
433 4662 496 4743 seu
536 4659 778 4743 commodum
816 4662 1068 4763 reportaverit,
1109 4654 1180 4739 elle
1201 4681 1322 4740 novur
1342 4670 1504 4767 cantora
1524 4660 1564 4739 dt
1587 4657 1615 4737 li
1636 4672 1804 4764 receptus
1829 4659 1952 4752 fuerit,

224 4777 324 4862 ultra
349 4772 538 4880 pradidoa
568 4773 694 4854 decem
719 4770 826 4853 iulius
852 4775 891 4851 iu
914 4768 1068 4875 duplum
1109 4785 1295 4874 tamqnam
1318 4792 1438 4851 novus
1462 4784 1592 4852 cautor
1613 4773 1761 4869 nouiter
1784 4786 1953 4873 receptus

222 4886 365 4991 saladi,
395 4886 533 4988 premii
558 4883 620 4967 seu
644 4882 834 4964 commodi
858 4904 924 4986 per
953 4880 1069 4963 didos
1108 4880 1248 4964 solvere
1269 4892 1413 4963 tenettu
1435 4875 1496 4961 lua
1513 4880 1668 4985 regalia,
1699 4882 1738 4963 u
1758 4881 1799 4963 in
1819 4882 1954 4965 ultimo

220 5016 395 5097 cantores
431 4998 595 5102 percepti
633 4992 796 5098 pundari
831 4994 964 5077 debet:
994 4992 1070 5074 hoc
1108 4991 1355 5079 mecledone.

282 5112 533 5198 Scaurum
549 5128 642 5195 vac.
662 5128 717 5205 ua
731 5103 908 5197 Manes.
933 5101 976 5189 1³.
989 5098 1055 5192 Ill.
1418 5095 1540 5188 Cea
1818 5100 1898 5195 Cs-
