4750 6025
1028 497 1301 610 «tnuen
1441 624 1448 634 ⁸
1897 547 2017 672 ,37

280 705 541 848 mcum
584 642 920 830 summm
965 710 1136 826 rhus
1180 712 1378 828 emur
1420 717 1598 848 unm
1637 715 1739 835 ou
1777 705 2017 844 ussum.

634 899 924 990 'HALIEUS
970 898 1218 990 MUSICAE
1258 893 1661 987 MENSURATAE,

477 1073 862 1162 tulerimus
899 1073 928 1158 l.
1166 1101 1238 1182 pus
1259 1076 1447 1160 musicum
1488 1080 1662 1163 Secundo
1686 1082 1725 1163 dr
1748 1080 1865 1188 ipsum
1888 1085 2017 1169 distin-

488 1276 490 1278 .
530 1293 532 1296 ¹
562 1225 624 1320 De
656 1237 837 1340 Tempore·
1166 1213 1325 1291 guemur
1353 1193 1474 1272 modo
1509 1206 1589 1298 qun
1621 1195 1867 1310 distinguihile
1896 1201 2012 1280 estin

336 1369 494 1457 Osiensn
523 1369 762 1473 lupetiun'de
789 1367 1035 1449 accidentibus
1061 1387 1126 1448 ex.
1166 1299 1311 1382 Νῆα·
1357 1299 1489 1384 ΜΟ
1506 1308 1792 1408 “pmbabifflu’
1826 1333 2011 1412 '‘sumum-

319 1488 327 1506 ,
615 1487 622 1502 ,
1018 1484 1025 1500 ,
1166 1413 1251 1492 dam
1287 1413 1503 1516 opinionem
1531 1429 1604 1496 tam
1632 1421 1727 1498 circu
1757 1418 2007 1504 definitionem

280 1485 433 1567 urntene
457 1485 694 1589 operantibus
718 1480 765 1560 ud
790 1479 990 1560 mensuram
1016 1478 1124 1582 rpfiue
1165 1525 1244 1605 eiu·
1295 1547 1420 1631 quam,
1434 1531 1530 1608 cim
1552 1523 1817 1611 maionem
1841 1535 1931 1616 eim·

280 1599 321 1680 dt
350 1610 504 1687 cantur,
535 1617 636 1674 nnnc
671 1587 868 1674 uidendum
900 1594 952 1672 est
979 1591 1026 1672 de
1054 1590 1124 1684 hir,
1251 1579 1266 1616 '
1370 1658 1401 1675 ,.
1494 1660 1497 1664 ,

280 1733 363 1814 quae
399 1707 588 1797 intrinsece
622 1703 915 1783 &essentialiter
952 1703 999 1782 de
1041 1702 1125 1783 sub-
1329 1682 1435 1790 Quid
1439 1683 1490 1785 1ῐί
1509 1699 1646 1788 tempus
1663 1689 1845 1792 musteum.

279 1821 405 1904 slentin
433 1819 541 1922 ipson
570 1831 697 1897 cantus
726 1813 865 1912 (sunt).
896 1812 942 1894 lit
967 1813 1042 1894 hoc
1069 1839 1125 1896 ru·
1222 1812 1417 1912 Quantum
1448 1819 1503 1896 >ad
1542 1823 1726 1920 primum,
1769 1822 1925 1905 dicimus
1959 1817 2013 1906 se-

281 1932 528 2028 tionuhiliter3
567 1953 652 2008 nam
687 1927 733 2006 de
767 1928 1012 2005 accidentibus
1045 1949 1124 2006 non
1163 1929 1329 2006 cundum
1364 1931 1576 2030 magistrum
1605 1923 1864 2024 sumnonem,
1906 1937 2007 2040 qood

277 2045 450 2134 scientia,
485 2042 544 2122 sed
572 2040 689 2120 solum
728 2037 774 2118 de
806 2036 1046 2118 essentialibus
1084 2039 1123 2117 de
1166 2037 1301 2118 musice
1331 2039 1523 2144 loquendo
1544 2055 1701 2146 „tempus
1735 2048 1785 2123 eli
1815 2047 1875 2138 id,
1905 2047 2010 2150 quod

280 2154 473 2237 intrinsece
504 2150 769 2258 pertinentibus
803 2149 850 2239 ud
884 2171 1125 2251 unamquam·
1166 2151 1360 2229 minimum
1391 2154 1428 2230 in
1469 2151 1699 2254 plenitudine
1737 2158 1841 2237 vocis
1869 2158 1940 2248 esi,
1972 2160 2013 2240 de

280 2291 354 2374 que
372 2267 555 2364 scientiam
581 2261 606 2343 f.
633 2262 1040 2366 cognitiorequiritur:
1063 2259 1123 2340 sed
1164 2261 1260 2340 hanc
1278 2261 1526 2342 definitionem
1547 2262 1596 2345 fic
1614 2267 1823 2368 probamus.
1865 2261 2014 2351 Unum-

279 2375 518 2462 substontialiu
554 2374 660 2478 ipsius
692 2385 841 2463 cantur,
875 2371 946 2451 sive
982 2370 1123 2453 musice
1166 2371 1342 2476 quodque
1376 2370 1749 2475 perficiturminimn
1788 2379 1839 2458 sui
1866 2383 2012 2481 generis

280 2495 366 2573 sunt
390 2507 511 2579 nutae,
544 2490 581 2564 in
611 2487 743 2590 quibus
769 2485 842 2586 ipsu
870 2483 1013 2564 scientia
1042 2508 1124 2564 mu·
1164 2506 1232 2586 per
1261 2483 1522 2591 Philosophum
1551 2488 1646 2566 libro
1677 2505 1829 2570 mereor.
1865 2494 1903 2570 de
1936 2493 2013 2573 hoc

278 2603 360 2685 'slcae
382 2600 542 2682 consistit
561 2595 786 2678 essentialiter
794 2617 806 2691 ;
827 2596 879 2675 de.
895 2599 992 2674 notis
1011 2597 1125 2696 igitur
1166 2594 1219 2674 est
1242 2595 1401 2676 clarumt
1432 2621 1516 2676 nam
1549 2603 1689 2692 unitas,
1719 2625 1800 2705 quae
1829 2605 1879 2682 esi
1903 2607 2012 2684 mini·

283 2717 334 2800 esi
353 2714 565 2797 ¹videndum.
607 2707 656 2791 Et
680 2713 764 2812 quia
787 2710 825 2787 in
850 2707 1012 2810 praescnti
1036 2730 1126 2808 pro·
1167 2728 1271 2786 mum
1298 2709 1336 2784 dr
1362 2711 1583 2810 principium
1608 2711 1770 2816 numeri,
1794 2714 1933 2813 perlicit
1950 2729 2012 2796 to

281 2825 404 2934 polito
423 2825 599 2906 habemus
622 2823 768 2902 trusinre
791 2819 845 2898 de.
862 2819 1024 2900 mensura
1040 2843 1126 2898 cun·
1166 2833 1247 2898 tum
1286 2818 1402 2922 ipsum
1436 2821 1631 2901 numerum
1639 2847 1653 2918 3
1682 2848 1766 2905 nam
1803 2825 1926 2906 dicere
1952 2821 2008 2908 X

280 2955 376 3030 tue,
394 2945 495 3037 (nom
520 2935 567 3016 de
593 2947 702 3017 cantu
729 2931 838 3035 pinno
858 2929 941 3009 alibi
964 2930 1125 3010 tradari-
1166 2930 1217 3008 esi
1235 2931 1355 3008 dicere
1375 2929 1501 3027 decem
1521 2936 1694 3025 unitates,
1716 2940 1753 3015 dr
1777 2936 1896 3017 dicere
1911 2933 2006 3021 XX

282 3049 383 3141 mus)
403 3051 488 3129 ideo
511 3052 551 3126 in
575 3044 737 3148 presenti
758 3042 960 3142 opusculo,
984 3055 1124 3122 utnon
1166 3043 1217 3121 esi
1241 3042 1361 3121 dicere
1382 3035 1510 3144 ¹viginti
1532 3050 1708 3133 unitates,
1731 3048 1769 3125 dc
1792 3047 1840 3127 sic
1857 3049 1903 3128 de
1926 3072 2010 3130 om-

237 3186 242 3196 ·
282 3181 508 3245 transeamus
545 3160 592 3237 de
628 3171 763 3262 genere
794 3158 832 3232 ln
865 3177 1005 3255 genus,
1044 3174 1125 3231 non
1166 3155 1296 3245 nibus,
1327 3156 1428 3256 qnod
1471 3157 1632 3259 primum
1669 3160 1939 3239 &minimum
1968 3164 2008 3241 ln

282 3276 458 3357 habemur
476 3272 598 3350 videre
621 3268 665 3347 de
691 3264 772 3369 ipsis
795 3270 892 3345 notis
918 3262 1125 3368 simpliciter
1166 3287 1397 3372 unoquoque
1447 3270 1613 3368 genere,
1662 3268 1712 3347 eli
1755 3271 1930 3372 persedio
1971 3275 2012 3353 dt

282 3374 530 3472 scabiosum,
559 3374 1124 3481 sedsoluminquantumpos-
1166 3376 1331 3456 mensura
1366 3378 1483 3479 primi
1521 3380 1718 3480 omnium,
1748 3403 1828 3485 quae
1859 3382 1942 3464 sont
1972 3387 2011 3463 in

283 3488 409 3605 sumus
431 3518 495 3601 per
524 3518 582 3574 ens
610 3506 754 3570 cantare
780 3488 915 3591 aliquid
946 3488 1125 3569 mensura·
1166 3491 1235 3568 ilio
1247 3512 1391 3590 genere.
1403 3482 1501 3571 Cum
1512 3479 1797 3592 igiturmensurn
1807 3494 1912 3595 ipsius
1926 3520 2013 3575 mn-

282 3626 342 3709 te:
366 3610 490 3691 omnis
516 3606 615 3685 enim
638 3602 803 3682 mensure
824 3604 860 3677 in
889 3614 984 3680 certa
1011 3603 1126 3703 quun'-
1167 3598 1487 3682 tuslivenotarum
1502 3600 1711 3682 conhslatin
1730 3604 1808 3707 ipso
1826 3620 2011 3709 tempore,

281 3726 388 3805 titnte
416 3722 453 3799 de
481 3734 655 3819 tempore
688 3716 760 3808 eli3
790 3736 875 3793 nem
908 3724 1054 3813 tempus
1076 3710 1127 3790 eli
1169 3729 1210 3792 ut
1228 3711 1364 3793 ditium
1392 3714 1472 3803 est,
1496 3715 1755 3805 concluditur,
1782 3718 1885 3819 quod
1904 3720 2014 3796 mini-

285 3819 451 3915 mensurn
473 3828 599 3911 motus
624 3851 688 3927 per
706 3820 975 3926 Philosophum
1005 3820 1127 3928 Phyh·
1167 3847 1271 3907 mum
1289 3838 1444 3926 tempus,
1462 3827 1564 3928 quod
1579 3828 1630 3905 eli
1640 3831 1787 3929 reperiri
1803 3833 1841 3905 in
1865 3826 2010 3919 musica,

285 3969 416 4049 corum
446 3940 499 4038 3,
525 3938 739 4021 Videndum
763 3936 951 4039 elligitur
976 3934 1022 4014 de
1048 3934 1126 4038 ipso
1166 3934 1210 4015 stt
1236 3938 1339 4015 causa
1367 3938 1406 4013 de
1444 3938 1618 4039 persediu
1652 3938 1892 4019 mensurandi.
1939 3938 2011 4021 Sed

199 4050 205 4059 '
284 4076 483 4161 tempore,
524 4055 649 4156 primo
686 4048 820 4135 scilicet
854 4045 1051 4150 quomodo
1087 4048 1126 4125 in
1167 4049 1252 4150 quia
1278 4063 1446 4150 tempus.
1477 4042 1520 4127 ut
1547 4064 1695 4151 tempus
1721 4052 1772 4129 eli
1797 4053 2009 4135 abslratlum

285 4169 419 4273 mulien
441 4167 659 4267 accipiatur,
689 4158 941 4262 &quomodo
961 4156 1128 4260 ipflrno·
1168 4160 1215 4238 ab
1239 4162 1344 4238 omni
1369 4164 1541 4249 materia,
1571 4160 1657 4241 esset
1690 4157 1862 4242 dirihbile
1887 4167 1925 4244 in
1955 4168 2013 4244 in·

284 4267 333 4365 tie
356 4279 583 4384 applicetur,
615 4289 672 4365 ut,
686 4294 751 4375 per
772 4272 1001 4375 consequens
1028 4270 1128 4381 vide·
1152 4269 1335 4359 linitum,
1366 4266 1456 4350 sicut
1482 4272 1572 4351 linea
1603 4272 1755 4375 separata
1781 4271 1867 4352 esset
1895 4274 2012 4354 diuisi·

285 4414 391 4495 amur
435 4395 473 4469 in
512 4402 623 4467 cantu
664 4384 891 4473 mensurato,
931 4381 1128 4485 quomodo
1170 4382 1251 4460 bilis
1274 4386 1312 4459 in
1336 4381 1539 4479 infinitum
1560 4383 1643 4463 ideo
1669 4408 1753 4463 cum
1778 4384 1897 4465 nostra
1921 4410 2013 4467 con·

287 4487 361 4588 tllae
389 4518 486 4583 notae
508 4500 750 4599 accipiantur,
782 4497 819 4571 de
839 4494 1128 4597 ¹qualitermen·
1168 4488 1335 4572 sideratio
1369 4514 1447 4572 non
1477 4493 1519 4573 lit
1549 4495 1595 4573 de
1626 4498 1689 4574 teli
1712 4512 1903 4599 tempore,
1927 4504 2013 4601 quia

285 4602 464 4700 furentur.
510 4609 566 4691 hd
603 4608 800 4687 videndum
832 4620 955 4692 autem
980 4604 1026 4683 de
1048 4605 1128 4706 ipso
1168 4600 1218 4683 sic
1245 4630 1324 4685 non
1346 4602 1430 4685 esset
1455 4606 1541 4685 dare
1569 4610 1729 4708 primum
1757 4624 1923 4710 tempus,
1952 4608 2013 4689 sed

285 4747 496 4835 tempore,
522 4734 634 4825 prout
680 4724 717 4798 in
745 4716 893 4801 musice
938 4718 1127 4822 accipitur,
1170 4716 1214 4795 ht
1241 4715 1288 4796 de
1314 4731 1504 4821 tempore,
1536 4732 1651 4821 prout
1686 4720 1724 4798 in
1754 4718 1885 4801 musco
1918 4725 2015 4800 acci·

282 4843 363 4924 hoc
404 4837 536 4917 ordine
568 4828 994 4943 ‚procedemur...l’rimo
1029 4831 1128 4906 enirn
1170 4832 1288 4931 pitur,
1318 4830 1404 4909 ideo
1434 4828 1610 4917 dicimus,
1642 4830 1745 4933 quod
1785 4854 1863 4909 non
1900 4856 2015 4913 omne

288 4948 701 5063 ponemucueritntem,
725 4942 813 5045 quid
837 4938 1014 5041 stipium
1037 4956 1131 5025 tem·
1173 4944 1366 5026 minimum
1392 4942 1611 5045 tempores
1637 4941 1809 5048 persesiio
1834 4944 1872 5021 de
1896 4940 2014 5045 primu

339 5063 590 5150 Sonrruouee
610 5076 701 5159 rer.
726 5076 779 5139 nr
793 5052 969 5151 hlumec.
996 5048 1037 5135 Ρ.
1056 5048 1124 5137 lll.
1516 5050 1544 5138 8
1854 5080 1961 5137 rnen-
