<?xml version="1.0" encoding="UTF-8"?>
<!DOCTYPE html PUBLIC "-//W3C//DTD XHTML 1.0 Transitional//EN"
    "http://www.w3.org/TR/xhtml1/DTD/xhtml1-transitional.dtd">
<html xmlns="http://www.w3.org/1999/xhtml" xml:lang="en" lang="en">
 <head>
  <title>
</title>
<meta http-equiv="Content-Type" content="text/html;charset=utf-8" />
  <meta name='ocr-system' content='tesseract 3.04.00' />
  <meta name='ocr-capabilities' content='ocr_page ocr_carea ocr_par ocr_line ocrx_word'/>
</head>
<body>
  <div class='ocr_page' id='page_1' title='image "./scriptoreseccle00gerbgoog_0149.png"; bbox 0 0 4750 6025; ppageno 0'>
   <div class='ocr_carea' id='block_1_1' title="bbox 2042 145 2305 469">
    <p class='ocr_par' dir='ltr' id='par_1_1' title="bbox 2042 145 2305 469">
     <span class='ocr_line' id='line_1_1' title="bbox 2042 145 2305 469; baseline -0.011 2"><span class='ocrx_word' id='word_1_1' title='bbox 2042 145 2305 469; x_wconf 57' lang='grc' dir='ltr'>Ἴ</span> 
     </span>
    </p>
   </div>
   <div class='ocr_carea' id='block_1_2' title="bbox 371 716 2131 4089">
    <p class='ocr_par' dir='ltr' id='par_1_2' title="bbox 371 716 2131 4089">
     <span class='ocr_line' id='line_1_2' title="bbox 437 716 2112 836; baseline -0.011 -20"><span class='ocrx_word' id='word_1_2' title='bbox 437 733 516 818; x_wconf 83' lang='lat' dir='ltr'><strong>Sed</strong></span> <span class='ocrx_word' id='word_1_3' title='bbox 543 753 612 812; x_wconf 88' lang='lat' dir='ltr'><strong>nec</strong></span> <span class='ocrx_word' id='word_1_4' title='bbox 640 733 762 836; x_wconf 88' lang='lat' dir='ltr'><strong>quoad</strong></span> <span class='ocrx_word' id='word_1_5' title='bbox 798 727 969 808; x_wconf 84' lang='lat' dir='ltr'><strong>muficam</strong></span> <span class='ocrx_word' id='word_1_6' title='bbox 1002 749 1071 806; x_wconf 89' lang='lat' dir='ltr'><strong>nec</strong></span> <span class='ocrx_word' id='word_1_7' title='bbox 1098 721 1224 828; x_wconf 88' lang='lat' dir='ltr'><strong>quoad</strong></span> <span class='ocrx_word' id='word_1_8' title='bbox 1267 743 1317 800; x_wconf 93' lang='lat' dir='ltr'><strong>ne</strong></span> <span class='ocrx_word' id='word_1_9' title='bbox 1338 719 1503 824; x_wconf 78' lang='lat' dir='ltr'><strong>preditia</strong></span> <span class='ocrx_word' id='word_1_10' title='bbox 1522 719 1593 801; x_wconf 82' lang='lat' dir='ltr'><strong>iaie</strong></span> <span class='ocrx_word' id='word_1_11' title='bbox 1616 718 1760 821; x_wconf 87' lang='lat' dir='ltr'><strong>iignum</strong></span> <span class='ocrx_word' id='word_1_12' title='bbox 1782 719 1892 802; x_wconf 89' lang='lat' dir='ltr'><strong>debet</strong></span> <span class='ocrx_word' id='word_1_13' title='bbox 1910 716 2043 822; x_wconf 76' lang='lat' dir='ltr'><strong>lignun</strong></span> <span class='ocrx_word' id='word_1_14' title='bbox 2067 717 2112 799; x_wconf 69' lang='lat' dir='ltr'><strong>sn</strong></span> 
     </span>
     <span class='ocr_line' id='line_1_3' title="bbox 381 831 2114 954; baseline -0.01 -24"><span class='ocrx_word' id='word_1_15' title='bbox 381 851 625 954; x_wconf 75' lang='lat' dir='ltr'>geometriam</span> <span class='ocrx_word' id='word_1_16' title='bbox 664 841 726 946; x_wconf 86' lang='lat' dir='ltr'><strong>ipfi</strong></span> <span class='ocrx_word' id='word_1_17' title='bbox 762 843 866 922; x_wconf 78' lang='lat' dir='ltr'><strong>reue</strong></span> <span class='ocrx_word' id='word_1_18' title='bbox 893 837 1146 921; x_wconf 82' lang='lat' dir='ltr'><strong>concludunt:</strong></span> <span class='ocrx_word' id='word_1_19' title='bbox 1186 834 1227 914; x_wconf 81' lang='lat' dir='ltr'><strong>de</strong></span> <span class='ocrx_word' id='word_1_20' title='bbox 1267 846 1333 912; x_wconf 86' lang='lat' dir='ltr'><strong>cut</strong></span> <span class='ocrx_word' id='word_1_21' title='bbox 1355 835 1514 933; x_wconf 90' lang='lat' dir='ltr'><strong>primum</strong></span> <span class='ocrx_word' id='word_1_22' title='bbox 1537 831 1753 936; x_wconf 70' lang='lat' dir='ltr'><strong>equanam</strong></span> <span class='ocrx_word' id='word_1_23' title='bbox 1773 834 1812 912; x_wconf 80' lang='lat' dir='ltr'><strong>dc</strong></span> <span class='ocrx_word' id='word_1_24' title='bbox 1830 831 2114 913; x_wconf 71' lang='lat' dir='ltr'><strong>coniunctiori</strong></span> 
     </span>
     <span class='ocr_line' id='line_1_4' title="bbox 380 938 2113 1055; baseline -0.016 -11"><span class='ocrx_word' id='word_1_25' title='bbox 380 961 458 1044; x_wconf 87' lang='lat' dir='ltr'><strong>hoc</strong></span> <span class='ocrx_word' id='word_1_26' title='bbox 477 958 701 1040; x_wconf 81' lang='lat' dir='ltr'><strong>ostendimur</strong></span> <span class='ocrx_word' id='word_1_27' title='bbox 720 953 843 1053; x_wconf 86' lang='lat' dir='ltr'><strong>solum</strong></span> <span class='ocrx_word' id='word_1_28' title='bbox 862 975 928 1055; x_wconf 90' lang='lat' dir='ltr'><strong>per</strong></span> <span class='ocrx_word' id='word_1_29' title='bbox 950 952 1062 1029; x_wconf 82' lang='lat' dir='ltr'><strong>verba</strong></span> <span class='ocrx_word' id='word_1_30' title='bbox 1080 968 1224 1035; x_wconf 86' lang='lat' dir='ltr'><strong>eorum,</strong></span> <span class='ocrx_word' id='word_1_31' title='bbox 1266 940 1509 1048; x_wconf 77' lang='lat' dir='ltr'><strong>perfetlione,</strong></span> <span class='ocrx_word' id='word_1_32' title='bbox 1539 966 1588 1021; x_wconf 92' lang='lat' dir='ltr'><strong>eo</strong></span> <span class='ocrx_word' id='word_1_33' title='bbox 1615 941 1718 1045; x_wconf 89' lang='lat' dir='ltr'><strong>quod</strong></span> <span class='ocrx_word' id='word_1_34' title='bbox 1741 943 1924 1026; x_wconf 82' lang='lat' dir='ltr'><strong>ascensum</strong></span> <span class='ocrx_word' id='word_1_35' title='bbox 1950 938 1988 1021; x_wconf 73' lang='lat' dir='ltr'><strong>dr</strong></span> <span class='ocrx_word' id='word_1_36' title='bbox 2015 943 2113 1023; x_wconf 81' lang='lat' dir='ltr'><strong>diei·</strong></span> 
     </span>
     <span class='ocr_line' id='line_1_5' title="bbox 382 1052 2113 1174; baseline -0.016 -16"><span class='ocrx_word' id='word_1_37' title='bbox 382 1071 631 1159; x_wconf 88' lang='lat' dir='ltr'><strong>ostendendo,</strong></span> <span class='ocrx_word' id='word_1_38' title='bbox 647 1068 750 1174; x_wconf 86' lang='lat' dir='ltr'><strong>quod</strong></span> <span class='ocrx_word' id='word_1_39' title='bbox 772 1067 880 1146; x_wconf 81' lang='lat' dir='ltr'><strong>verba</strong></span> <span class='ocrx_word' id='word_1_40' title='bbox 902 1063 962 1144; x_wconf 88' lang='lat' dir='ltr'><strong>sua</strong></span> <span class='ocrx_word' id='word_1_41' title='bbox 986 1060 1152 1144; x_wconf 84' lang='lat' dir='ltr'><strong>nostrum</strong></span> <span class='ocrx_word' id='word_1_42' title='bbox 1174 1059 1232 1137; x_wconf 86' lang='lat' dir='ltr'><strong>di·</strong></span> <span class='ocrx_word' id='word_1_43' title='bbox 1270 1052 1408 1134; x_wconf 79' lang='lat' dir='ltr'><strong>lionam</strong></span> <span class='ocrx_word' id='word_1_44' title='bbox 1431 1053 1532 1134; x_wconf 80' lang='lat' dir='ltr'>addit</span> <span class='ocrx_word' id='word_1_45' title='bbox 1551 1053 1653 1155; x_wconf 82' lang='lat' dir='ltr'><strong>supra</strong></span> <span class='ocrx_word' id='word_1_46' title='bbox 1675 1053 1802 1156; x_wconf 79' lang='lat' dir='ltr'><strong>ipsum</strong></span> <span class='ocrx_word' id='word_1_47' title='bbox 1842 1055 1914 1134; x_wconf 86' lang='lat' dir='ltr'><strong>Sed</strong></span> <span class='ocrx_word' id='word_1_48' title='bbox 1930 1053 2011 1134; x_wconf 83' lang='lat' dir='ltr'><strong>talia</strong></span> <span class='ocrx_word' id='word_1_49' title='bbox 2027 1077 2113 1158; x_wconf 88' lang='lat' dir='ltr'><strong>per-</strong></span> 
     </span>
     <span class='ocr_line' id='line_1_6' title="bbox 374 1164 2114 1288; baseline -0.013 -19"><span class='ocrx_word' id='word_1_50' title='bbox 374 1186 468 1269; x_wconf 85' lang='lat' dir='ltr'><strong>cant</strong></span> <span class='ocrx_word' id='word_1_51' title='bbox 487 1177 715 1288; x_wconf 80' lang='lat' dir='ltr'><strong>propofitutn</strong></span> <span class='ocrx_word' id='word_1_52' title='bbox 732 1181 771 1258; x_wconf 76' lang='lat' dir='ltr'><strong>tr</strong></span> <span class='ocrx_word' id='word_1_53' title='bbox 789 1200 919 1258; x_wconf 81' lang='lat' dir='ltr'><strong>eorum</strong></span> <span class='ocrx_word' id='word_1_54' title='bbox 936 1170 1162 1277; x_wconf 74' lang='lat' dir='ltr'><strong>oppositum.</strong></span> <span class='ocrx_word' id='word_1_55' title='bbox 1185 1168 1231 1250; x_wconf 80' lang='lat' dir='ltr'><strong>lit</strong></span> <span class='ocrx_word' id='word_1_56' title='bbox 1269 1166 1377 1245; x_wconf 82' lang='lat' dir='ltr'><strong>fetiio</strong></span> <span class='ocrx_word' id='word_1_57' title='bbox 1400 1168 1564 1244; x_wconf 81' lang='lat' dir='ltr'>innuitur</span> <span class='ocrx_word' id='word_1_58' title='bbox 1586 1189 1652 1268; x_wconf 85' lang='lat' dir='ltr'><strong>per</strong></span> <span class='ocrx_word' id='word_1_59' title='bbox 1675 1164 2019 1269; x_wconf 80' lang='lat' dir='ltr'><strong>multiplicationem</strong></span> <span class='ocrx_word' id='word_1_60' title='bbox 2046 1191 2114 1247; x_wconf 84' lang='lat' dir='ltr'><strong>an-</strong></span> 
     </span>
     <span class='ocr_line' id='line_1_7' title="bbox 383 1275 2131 1405; baseline -0.013 -26"><span class='ocrx_word' id='word_1_61' title='bbox 383 1303 506 1405; x_wconf 88' lang='lat' dir='ltr'><strong>primo</strong></span> <span class='ocrx_word' id='word_1_62' title='bbox 528 1295 731 1397; x_wconf 84' lang='lat' dir='ltr'><strong>loquuntur</strong></span> <span class='ocrx_word' id='word_1_63' title='bbox 751 1289 996 1394; x_wconf 81' lang='lat' dir='ltr'><strong>geometrice:</strong></span> <span class='ocrx_word' id='word_1_64' title='bbox 1020 1299 1162 1368; x_wconf 87' lang='lat' dir='ltr'><strong>certum</strong></span> <span class='ocrx_word' id='word_1_65' title='bbox 1177 1282 1231 1362; x_wconf 84' lang='lat' dir='ltr'><strong>eii</strong></span> <span class='ocrx_word' id='word_1_66' title='bbox 1268 1276 1466 1380; x_wconf 79' lang='lat' dir='ltr'><strong>guiumar,</strong></span> <span class='ocrx_word' id='word_1_67' title='bbox 1485 1285 1574 1378; x_wconf 90' lang='lat' dir='ltr'><strong>puta</strong></span> <span class='ocrx_word' id='word_1_68' title='bbox 1592 1275 1760 1358; x_wconf 85' lang='lat' dir='ltr'><strong>faciendo</strong></span> <span class='ocrx_word' id='word_1_69' title='bbox 1777 1293 2034 1382; x_wconf 72' lang='lat' dir='ltr'><strong>pentagonum</strong></span> <span class='ocrx_word' id='word_1_70' title='bbox 2053 1277 2131 1358; x_wconf 77' lang='lat' dir='ltr'><strong>vel&#39;</strong></span> 
     </span>
     <span class='ocr_line' id='line_1_8' title="bbox 384 1387 2113 1512; baseline -0.012 -21"><span class='ocrx_word' id='word_1_71' title='bbox 384 1416 484 1492; x_wconf 90' lang='lat' dir='ltr'><strong>enim</strong></span> <span class='ocrx_word' id='word_1_72' title='bbox 509 1405 611 1512; x_wconf 88' lang='lat' dir='ltr'><strong>quod</strong></span> <span class='ocrx_word' id='word_1_73' title='bbox 635 1413 870 1509; x_wconf 81' lang='lat' dir='ltr'><strong>pentagonus</strong></span> <span class='ocrx_word' id='word_1_74' title='bbox 892 1399 995 1496; x_wconf 83' lang='lat' dir='ltr'><strong>addit</strong></span> <span class='ocrx_word' id='word_1_75' title='bbox 1013 1397 1119 1498; x_wconf 86' lang='lat' dir='ltr'><strong>supra</strong></span> <span class='ocrx_word' id='word_1_76' title='bbox 1140 1417 1230 1498; x_wconf 86' lang='lat' dir='ltr'><strong>qua-</strong></span> <span class='ocrx_word' id='word_1_77' title='bbox 1263 1390 1536 1489; x_wconf 81' lang='lat' dir='ltr'><strong>-hexagonum3</strong></span> <span class='ocrx_word' id='word_1_78' title='bbox 1571 1411 1657 1468; x_wconf 89' lang='lat' dir='ltr'><strong>curn</strong></span> <span class='ocrx_word' id='word_1_79' title='bbox 1690 1389 1737 1468; x_wconf 89' lang='lat' dir='ltr'><strong>de</strong></span> <span class='ocrx_word' id='word_1_80' title='bbox 1766 1388 1911 1490; x_wconf 74' lang='lat' dir='ltr'><strong>anguiis</strong></span> <span class='ocrx_word' id='word_1_81' title='bbox 1939 1387 2032 1468; x_wconf 85' lang='lat' dir='ltr'><strong>nihii</strong></span> <span class='ocrx_word' id='word_1_82' title='bbox 2063 1389 2113 1471; x_wconf 85' lang='lat' dir='ltr'><strong>ad</strong></span> 
     </span>
     <span class='ocr_line' id='line_1_9' title="bbox 383 1496 2111 1624; baseline -0.014 -20"><span class='ocrx_word' id='word_1_83' title='bbox 383 1523 592 1624; x_wconf 80' lang='lat' dir='ltr'><strong>drogonum</strong></span> <span class='ocrx_word' id='word_1_84' title='bbox 631 1539 747 1598; x_wconf 91' lang='lat' dir='ltr'><strong>unum</strong></span> <span class='ocrx_word' id='word_1_85' title='bbox 782 1511 989 1615; x_wconf 84' lang='lat' dir='ltr'><strong>angulum3</strong></span> <span class='ocrx_word' id='word_1_86' title='bbox 1027 1508 1077 1590; x_wconf 86' lang='lat' dir='ltr'><strong>eii</strong></span> <span class='ocrx_word' id='word_1_87' title='bbox 1113 1509 1228 1609; x_wconf 82' lang='lat' dir='ltr'><strong>igitur</strong></span> <span class='ocrx_word' id='word_1_88' title='bbox 1267 1497 1461 1592; x_wconf 82' lang='lat' dir='ltr'><strong>mulicam,</strong></span> <span class='ocrx_word' id='word_1_89' title='bbox 1477 1498 1536 1580; x_wconf 87' lang='lat' dir='ltr'><strong>led</strong></span> <span class='ocrx_word' id='word_1_90' title='bbox 1555 1498 1601 1579; x_wconf 90' lang='lat' dir='ltr'><strong>ad</strong></span> <span class='ocrx_word' id='word_1_91' title='bbox 1617 1496 1866 1590; x_wconf 75' lang='lat' dir='ltr'><strong>Gmmetriam</strong></span> <span class='ocrx_word' id='word_1_92' title='bbox 1885 1499 2111 1604; x_wconf 87' lang='lat' dir='ltr'><strong>(pertineat).</strong></span> 
     </span>
     <span class='ocr_line' id='line_1_10' title="bbox 384 1615 1228 1728; baseline -0.024 -13"><span class='ocrx_word' id='word_1_93' title='bbox 384 1636 448 1716; x_wconf 83' lang='lat' dir='ltr'><strong>ista</strong></span> <span class='ocrx_word' id='word_1_94' title='bbox 484 1635 584 1726; x_wconf 87' lang='lat' dir='ltr'><strong>bona</strong></span> <span class='ocrx_word' id='word_1_95' title='bbox 619 1623 836 1717; x_wconf 79' lang='lat' dir='ltr'><strong>conclusio:</strong></span> <span class='ocrx_word' id='word_1_96' title='bbox 870 1615 1114 1728; x_wconf 73' lang='lat' dir='ltr'><strong>&#39;pentagonus</strong></span> <span class='ocrx_word' id='word_1_97' title='bbox 1130 1615 1228 1704; x_wconf 79' lang='lat' dir='ltr'><strong>:uo&#39;n</strong></span> 
     </span>
     <span class='ocr_line' id='line_1_11' title="bbox 384 1722 2109 1846; baseline -0.013 -19"><span class='ocrx_word' id='word_1_98' title='bbox 384 1745 487 1828; x_wconf 81' lang='lat' dir='ltr'><strong>addit</strong></span> <span class='ocrx_word' id='word_1_99' title='bbox 514 1743 618 1846; x_wconf 84' lang='lat' dir='ltr'><strong>supra</strong></span> <span class='ocrx_word' id='word_1_100' title='bbox 647 1739 934 1844; x_wconf 85' lang='lat' dir='ltr'><strong>quadragooum</strong></span> <span class='ocrx_word' id='word_1_101' title='bbox 962 1747 1022 1814; x_wconf 89' lang='lat' dir='ltr'><strong>tot</strong></span> <span class='ocrx_word' id='word_1_102' title='bbox 1051 1729 1225 1834; x_wconf 74' lang='lat' dir='ltr'><strong>angulos.</strong></span> <span class='ocrx_word' id='word_1_103' title='bbox 1323 1722 1396 1804; x_wconf 84' lang='lat' dir='ltr'><strong>Sed</strong></span> <span class='ocrx_word' id='word_1_104' title='bbox 1418 1723 1499 1826; x_wconf 83' lang='lat' dir='ltr'><strong>quia</strong></span> <span class='ocrx_word' id='word_1_105' title='bbox 1520 1723 1567 1804; x_wconf 86' lang='lat' dir='ltr'><strong>de</strong></span> <span class='ocrx_word' id='word_1_106' title='bbox 1586 1722 1869 1829; x_wconf 69' lang='lat' dir='ltr'><strong>proprietarium</strong></span> <span class='ocrx_word' id='word_1_107' title='bbox 1889 1723 2026 1806; x_wconf 80' lang='lat' dir='ltr'><strong>ditium</strong></span> <span class='ocrx_word' id='word_1_108' title='bbox 2043 1725 2109 1817; x_wconf 83' lang='lat' dir='ltr'><strong>est.</strong></span> 
     </span>
     <span class='ocr_line' id='line_1_12' title="bbox 384 1833 2113 1965; baseline -0.016 -25"><span class='ocrx_word' id='word_1_109' title='bbox 384 1871 480 1965; x_wconf 89' lang='lat' dir='ltr'><strong>quot</strong></span> <span class='ocrx_word' id='word_1_110' title='bbox 509 1856 619 1934; x_wconf 87' lang='lat' dir='ltr'><strong>habet</strong></span> <span class='ocrx_word' id='word_1_111' title='bbox 643 1852 926 1958; x_wconf 82' lang='lat' dir='ltr'><strong>qtaadaagonua.</strong></span> <span class='ocrx_word' id='word_1_112' title='bbox 953 1843 1014 1925; x_wconf 83' lang='lat' dir='ltr'><strong>sed</strong></span> <span class='ocrx_word' id='word_1_113' title='bbox 1039 1844 1157 1926; x_wconf 87' lang='lat' dir='ltr'><strong>lulum</strong></span> <span class='ocrx_word' id='word_1_114' title='bbox 1184 1867 1227 1922; x_wconf 92' lang='lat' dir='ltr'><strong>u·</strong></span> <span class='ocrx_word' id='word_1_115' title='bbox 1267 1837 1374 1940; x_wconf 81' lang='lat' dir='ltr'><strong>qnod</strong></span> <span class='ocrx_word' id='word_1_116' title='bbox 1394 1833 1567 1936; x_wconf 80' lang='lat' dir='ltr'><strong>perletli&#39;o</strong></span> <span class='ocrx_word' id='word_1_117' title='bbox 1586 1850 1798 1940; x_wconf 88' lang='lat' dir='ltr'><strong>temporum</strong></span> <span class='ocrx_word' id='word_1_118' title='bbox 1814 1838 1901 1918; x_wconf 89' lang='lat' dir='ltr'><strong>dicit</strong></span> <span class='ocrx_word' id='word_1_119' title='bbox 1915 1835 2113 1941; x_wconf 71' lang='lat' dir='ltr'><strong>perfodio-</strong></span> 
     </span>
     <span class='ocr_line' id='line_1_13' title="bbox 385 1945 2113 2069; baseline -0.013 -17"><span class='ocrx_word' id='word_1_120' title='bbox 385 1994 477 2052; x_wconf 91' lang='lat' dir='ltr'><strong>uum</strong></span> <span class='ocrx_word' id='word_1_121' title='bbox 498 1965 700 2069; x_wconf 87' lang='lat' dir='ltr'><strong>anguium:</strong></span> <span class='ocrx_word' id='word_1_122' title='bbox 730 1985 824 2064; x_wconf 89' lang='lat' dir='ltr'><strong>ergo</strong></span> <span class='ocrx_word' id='word_1_123' title='bbox 846 1961 954 2041; x_wconf 84' lang='lat' dir='ltr'><strong>debet</strong></span> <span class='ocrx_word' id='word_1_124' title='bbox 979 1955 1127 2058; x_wconf 85' lang='lat' dir='ltr'><strong>figurati</strong></span> <span class='ocrx_word' id='word_1_125' title='bbox 1144 1953 1226 2058; x_wconf 44' lang='lat' dir='ltr'><strong>*pto</strong></span> <span class='ocrx_word' id='word_1_126' title='bbox 1269 1970 1355 2028; x_wconf 90' lang='lat' dir='ltr'><strong>uem</strong></span> <span class='ocrx_word' id='word_1_127' title='bbox 1376 1945 1575 2026; x_wconf 80' lang='lat' dir='ltr'><strong>secuudum</strong></span> <span class='ocrx_word' id='word_1_128' title='bbox 1593 1946 1678 2051; x_wconf 80' lang='lat' dir='ltr'><strong>plue</strong></span> <span class='ocrx_word' id='word_1_129' title='bbox 1699 1950 1757 2028; x_wconf 82' lang='lat' dir='ltr'><strong>vel</strong></span> <span class='ocrx_word' id='word_1_130' title='bbox 1775 1955 1921 2030; x_wconf 81' lang='lat' dir='ltr'><strong>minus:</strong></span> <span class='ocrx_word' id='word_1_131' title='bbox 1950 1948 2038 2027; x_wconf 92' lang='lat' dir='ltr'><strong>ideo</strong></span> <span class='ocrx_word' id='word_1_132' title='bbox 2058 1964 2113 2030; x_wconf 81' lang='lat' dir='ltr'><strong>ta·</strong></span> 
     </span>
     <span class='ocr_line' id='line_1_14' title="bbox 385 2055 2113 2182; baseline -0.013 -18"><span class='ocrx_word' id='word_1_133' title='bbox 385 2079 580 2164; x_wconf 82' lang='lat' dir='ltr'><strong>medietate</strong></span> <span class='ocrx_word' id='word_1_134' title='bbox 598 2075 837 2182; x_wconf 81' lang='lat' dir='ltr'><strong>quadrageni.</strong></span> <span class='ocrx_word' id='word_1_135' title='bbox 856 2069 1022 2154; x_wconf 51' lang='lat' dir='ltr'><strong>‘Certum</strong></span> <span class='ocrx_word' id='word_1_136' title='bbox 1041 2067 1111 2156; x_wconf 79' lang='lat' dir='ltr'><strong>eli,</strong></span> <span class='ocrx_word' id='word_1_137' title='bbox 1125 2065 1229 2170; x_wconf 89' lang='lat' dir='ltr'><strong>quod</strong></span> <span class='ocrx_word' id='word_1_138' title='bbox 1270 2060 1306 2155; x_wconf 84' lang='lat' dir='ltr'><strong>le</strong></span> <span class='ocrx_word' id='word_1_139' title='bbox 1333 2056 1476 2160; x_wconf 78' lang='lat' dir='ltr'><strong>ignum</strong></span> <span class='ocrx_word' id='word_1_140' title='bbox 1502 2055 1563 2138; x_wconf 83' lang='lat' dir='ltr'><strong>fiat</strong></span> <span class='ocrx_word' id='word_1_141' title='bbox 1588 2082 1671 2140; x_wconf 93' lang='lat' dir='ltr'><strong>cum</strong></span> <span class='ocrx_word' id='word_1_142' title='bbox 1698 2061 1855 2163; x_wconf 81' lang='lat' dir='ltr'><strong>quadam</strong></span> <span class='ocrx_word' id='word_1_143' title='bbox 1884 2064 2113 2163; x_wconf 80' lang='lat' dir='ltr'><strong>proprietate</strong></span> 
     </span>
     <span class='ocr_line' id='line_1_15' title="bbox 384 2162 2113 2276; baseline -0.014 0"><span class='ocrx_word' id='word_1_144' title='bbox 384 2196 449 2276; x_wconf 89' lang='lat' dir='ltr'><strong>ista</strong></span> <span class='ocrx_word' id='word_1_145' title='bbox 477 2189 648 2273; x_wconf 83' lang='lat' dir='ltr'><strong>dedutiio</strong></span> <span class='ocrx_word' id='word_1_146' title='bbox 673 2185 754 2268; x_wconf 83' lang='lat' dir='ltr'><strong>falia</strong></span> <span class='ocrx_word' id='word_1_147' title='bbox 781 2187 858 2266; x_wconf 87' lang='lat' dir='ltr'><strong>est:</strong></span> <span class='ocrx_word' id='word_1_148' title='bbox 894 2187 974 2262; x_wconf 86' lang='lat' dir='ltr'><strong>imo</strong></span> <span class='ocrx_word' id='word_1_149' title='bbox 1005 2179 1115 2260; x_wconf 88' lang='lat' dir='ltr'><strong>debet</strong></span> <span class='ocrx_word' id='word_1_150' title='bbox 1142 2177 1229 2266; x_wconf 84' lang='lat' dir='ltr'><strong>dici.</strong></span> <span class='ocrx_word' id='word_1_151' title='bbox 1255 2171 1378 2272; x_wconf 74' lang='lat' dir='ltr'><strong>‘supra</strong></span> <span class='ocrx_word' id='word_1_152' title='bbox 1399 2162 1424 2271; x_wconf 65' lang='lat' dir='ltr'><strong>i]</strong></span> <span class='ocrx_word' id='word_1_153' title='bbox 1448 2169 1649 2271; x_wconf 88' lang='lat' dir='ltr'><strong>quadrum,</strong></span> <span class='ocrx_word' id='word_1_154' title='bbox 1675 2186 1716 2250; x_wconf 90' lang='lat' dir='ltr'><strong>ut</strong></span> <span class='ocrx_word' id='word_1_155' title='bbox 1738 2171 1798 2249; x_wconf 86' lang='lat' dir='ltr'><strong>hic</strong></span> <span class='ocrx_word' id='word_1_156' title='bbox 1821 2178 1873 2269; x_wconf 56' lang='grc' dir='ltr'>ῃ</span> <span class='ocrx_word' id='word_1_157' title='bbox 1902 2169 1955 2272; x_wconf 88' lang='lat' dir='ltr'><strong>(a)</strong></span> <span class='ocrx_word' id='word_1_158' title='bbox 1980 2169 2113 2252; x_wconf 85' lang='lat' dir='ltr'><strong>sufficit</strong></span> 
     </span>
     <span class='ocr_line' id='line_1_16' title="bbox 371 2280 2110 2414; baseline -0.016 -25"><span class='ocrx_word' id='word_1_159' title='bbox 371 2299 490 2414; x_wconf 65' lang='lat' dir='ltr'><strong>”quod</strong></span> <span class='ocrx_word' id='word_1_160' title='bbox 510 2316 742 2410; x_wconf 85' lang='lat' dir='ltr'><strong>pentagonus</strong></span> <span class='ocrx_word' id='word_1_161' title='bbox 755 2298 866 2404; x_wconf 88' lang='lat' dir='ltr'><strong>debet</strong></span> <span class='ocrx_word' id='word_1_162' title='bbox 883 2292 1032 2396; x_wconf 86' lang='lat' dir='ltr'><strong>figurari</strong></span> <span class='ocrx_word' id='word_1_163' title='bbox 1048 2311 1134 2372; x_wconf 88' lang='lat' dir='ltr'><strong>cum</strong></span> <span class='ocrx_word' id='word_1_164' title='bbox 1151 2311 1230 2370; x_wconf 88' lang='lat' dir='ltr'><strong>uno</strong></span> <span class='ocrx_word' id='word_1_165' title='bbox 1270 2285 1370 2365; x_wconf 88' lang='lat' dir='ltr'><strong>enim</strong></span> <span class='ocrx_word' id='word_1_166' title='bbox 1393 2280 1593 2362; x_wconf 72' lang='lat' dir='ltr'><strong>&#39;ulteriores</strong></span> <span class='ocrx_word' id='word_1_167' title='bbox 1628 2285 1890 2386; x_wconf 81' lang='lat' dir='ltr'><strong>protratiiones</strong></span> <span class='ocrx_word' id='word_1_168' title='bbox 1913 2282 2039 2363; x_wconf 82' lang='lat' dir='ltr'><strong>iacere</strong></span> <span class='ocrx_word' id='word_1_169' title='bbox 2070 2287 2110 2364; x_wconf 88' lang='lat' dir='ltr'><strong>in</strong></span> 
     </span>
     <span class='ocr_line' id='line_1_17' title="bbox 384 2385 2113 2521; baseline -0.014 -20"><span class='ocrx_word' id='word_1_170' title='bbox 384 2417 527 2521; x_wconf 85' lang='lat' dir='ltr'><strong>angulo</strong></span> <span class='ocrx_word' id='word_1_171' title='bbox 551 2413 659 2518; x_wconf 83' lang='lat' dir='ltr'><strong>plur,</strong></span> <span class='ocrx_word' id='word_1_172' title='bbox 688 2435 799 2514; x_wconf 88' lang='lat' dir='ltr'><strong>quam</strong></span> <span class='ocrx_word' id='word_1_173' title='bbox 824 2407 934 2487; x_wconf 87' lang='lat' dir='ltr'><strong>habet</strong></span> <span class='ocrx_word' id='word_1_174' title='bbox 953 2402 1228 2514; x_wconf 77' lang='lat' dir='ltr'><strong>&#39;qnadmgonuu</strong></span> <span class='ocrx_word' id='word_1_175' title='bbox 1271 2391 1378 2503; x_wconf 78' lang='lat' dir='ltr'><strong>ipso,</strong></span> <span class='ocrx_word' id='word_1_176' title='bbox 1411 2415 1519 2496; x_wconf 83' lang='lat' dir='ltr'><strong>quam</strong></span> <span class='ocrx_word' id='word_1_177' title='bbox 1552 2397 1587 2471; x_wconf 90' lang='lat' dir='ltr'><strong>in</strong></span> <span class='ocrx_word' id='word_1_178' title='bbox 1611 2385 1641 2505; x_wconf 68' lang='grc' dir='ltr'><strong>Ιὴ</strong></span> <span class='ocrx_word' id='word_1_179' title='bbox 1669 2396 1838 2497; x_wconf 84' lang='lat' dir='ltr'><strong>quadro:</strong></span> <span class='ocrx_word' id='word_1_180' title='bbox 1875 2395 1913 2473; x_wconf 75' lang='lat' dir='ltr'><strong>tc</strong></span> <span class='ocrx_word' id='word_1_181' title='bbox 1948 2398 2113 2476; x_wconf 82' lang='lat' dir='ltr'><strong>maxime</strong></span> 
     </span>
     <span class='ocr_line' id='line_1_18' title="bbox 385 2503 2112 2628; baseline -0.015 -17"><span class='ocrx_word' id='word_1_182' title='bbox 385 2531 499 2614; x_wconf 78' lang='lat' dir='ltr'><strong>Relie</strong></span> <span class='ocrx_word' id='word_1_183' title='bbox 531 2527 624 2628; x_wconf 82' lang='lat' dir='ltr'><strong>ergo</strong></span> <span class='ocrx_word' id='word_1_184' title='bbox 658 2520 724 2627; x_wconf 81' lang='lat' dir='ltr'><strong>ipsi</strong></span> <span class='ocrx_word' id='word_1_185' title='bbox 761 2524 799 2601; x_wconf 90' lang='lat' dir='ltr'><strong>in</strong></span> <span class='ocrx_word' id='word_1_186' title='bbox 816 2593 818 2599; x_wconf 79' lang='grc'>,</span> <span class='ocrx_word' id='word_1_187' title='bbox 835 2514 968 2599; x_wconf 82' lang='lat' dir='ltr'><strong>mulica</strong></span> <span class='ocrx_word' id='word_1_188' title='bbox 999 2512 1232 2596; x_wconf 87' lang='lat' dir='ltr'><strong>concludunt</strong></span> <span class='ocrx_word' id='word_1_189' title='bbox 1271 2503 1470 2617; x_wconf 77' lang='lat' dir='ltr'><strong>protrudio</strong></span> <span class='ocrx_word' id='word_1_190' title='bbox 1486 2503 1593 2583; x_wconf 89' lang='lat' dir='ltr'><strong>debet</strong></span> <span class='ocrx_word' id='word_1_191' title='bbox 1608 2503 1685 2584; x_wconf 85' lang='lat' dir='ltr'><strong>lieri</strong></span> <span class='ocrx_word' id='word_1_192' title='bbox 1703 2508 1742 2584; x_wconf 91' lang='lat' dir='ltr'><strong>in</strong></span> <span class='ocrx_word' id='word_1_193' title='bbox 1765 2508 1828 2588; x_wconf 90' lang='lat' dir='ltr'><strong>tali</strong></span> <span class='ocrx_word' id='word_1_194' title='bbox 1849 2504 1955 2608; x_wconf 81' lang='lat' dir='ltr'><strong>signo</strong></span> <span class='ocrx_word' id='word_1_195' title='bbox 1971 2509 2010 2592; x_wconf 88' lang='lat' dir='ltr'><strong>in</strong></span> <span class='ocrx_word' id='word_1_196' title='bbox 2033 2507 2112 2588; x_wconf 87' lang='lat' dir='ltr'><strong>sur·</strong></span> 
     </span>
     <span class='ocr_line' id='line_1_19' title="bbox 386 2613 2112 2749; baseline -0.018 -26"><span class='ocrx_word' id='word_1_197' title='bbox 386 2643 498 2749; x_wconf 86' lang='lat' dir='ltr'><strong>ipsam</strong></span> <span class='ocrx_word' id='word_1_198' title='bbox 515 2635 793 2720; x_wconf 76' lang='lat' dir='ltr'><strong>concitionem</strong></span> <span class='ocrx_word' id='word_1_199' title='bbox 810 2631 1038 2735; x_wconf 82' lang='lat' dir='ltr'><strong>geometrice</strong></span> <span class='ocrx_word' id='word_1_200' title='bbox 1052 2628 1230 2712; x_wconf 81' lang='lat' dir='ltr'><strong>dicentes,</strong></span> <span class='ocrx_word' id='word_1_201' title='bbox 1271 2617 1350 2700; x_wconf 86' lang='lat' dir='ltr'><strong>sum</strong></span> <span class='ocrx_word' id='word_1_202' title='bbox 1374 2616 1412 2693; x_wconf 82' lang='lat'>&amp;</span> <span class='ocrx_word' id='word_1_203' title='bbox 1434 2640 1455 2695; x_wconf 92' lang='lat' dir='ltr'><strong>a</strong></span> <span class='ocrx_word' id='word_1_204' title='bbox 1478 2630 1579 2718; x_wconf 88' lang='lat' dir='ltr'><strong>parte</strong></span> <span class='ocrx_word' id='word_1_205' title='bbox 1597 2613 1747 2706; x_wconf 85' lang='lat' dir='ltr'><strong>dextra.</strong></span> <span class='ocrx_word' id='word_1_206' title='bbox 1777 2621 1815 2713; x_wconf 89' lang='lat' dir='ltr'><strong>in</strong></span> <span class='ocrx_word' id='word_1_207' title='bbox 1839 2635 1911 2720; x_wconf 85' lang='lat' dir='ltr'><strong>qua</strong></span> <span class='ocrx_word' id='word_1_208' title='bbox 1935 2619 2112 2720; x_wconf 79' lang='lat' dir='ltr'><strong>perieelio</strong></span> 
     </span>
     <span class='ocr_line' id='line_1_20' title="bbox 383 2728 2114 2963; baseline -0.014 -17"><span class='ocrx_word' id='word_1_209' title='bbox 383 2736 1231 2963; x_wconf 57' lang='lat' dir='ltr'><strong>nannentenditatur</strong></span> <span class='ocrx_word' id='word_1_210' title='bbox 1270 2730 1523 2921; x_wconf 68' lang='lat' dir='ltr'><strong>ttttnti</strong></span> <span class='ocrx_word' id='word_1_211' title='bbox 1536 2728 2114 2945; x_wconf 60' lang='lat' dir='ltr'><strong>ti‘tlttitttti‘itit‘</strong></span> 
     </span>
     <span class='ocr_line' id='line_1_21' title="bbox 389 2949 2112 3071; baseline -0.015 -10"><span class='ocrx_word' id='word_1_212' title='bbox 389 2959 590 3061; x_wconf 50' lang='lat' dir='ltr'><strong>mitouiu&#39;m</strong></span> <span class='ocrx_word' id='word_1_213' title='bbox 624 2971 850 3053; x_wconf 85' lang='lat' dir='ltr'><strong>diatonicum</strong></span> <span class='ocrx_word' id='word_1_214' title='bbox 868 2999 893 3058; x_wconf 58' lang='grc'><strong>,’·</strong></span> <span class='ocrx_word' id='word_1_215' title='bbox 918 2966 1000 3071; x_wconf 87' lang='lat' dir='ltr'><strong>poli</strong></span> <span class='ocrx_word' id='word_1_216' title='bbox 1031 2962 1094 3043; x_wconf 82' lang='lat' dir='ltr'><strong>has</strong></span> <span class='ocrx_word' id='word_1_217' title='bbox 1125 2959 1229 3047; x_wconf 84' lang='lat' dir='ltr'><strong>duaa.</strong></span> <span class='ocrx_word' id='word_1_218' title='bbox 1270 2953 1342 3047; x_wconf 85' lang='lat' dir='ltr'><strong>lia;</strong></span> <span class='ocrx_word' id='word_1_219' title='bbox 1370 2949 1453 3032; x_wconf 90' lang='lat' dir='ltr'><strong>lunt</strong></span> <span class='ocrx_word' id='word_1_220' title='bbox 1475 2952 1573 3058; x_wconf 86' lang='lat' dir='ltr'><strong>euim</strong></span> <span class='ocrx_word' id='word_1_221' title='bbox 1596 2949 1779 3052; x_wconf 85' lang='lat' dir='ltr'><strong>superiora</strong></span> <span class='ocrx_word' id='word_1_222' title='bbox 1802 2956 1917 3053; x_wconf 83' lang='lat' dir='ltr'><strong>magis</strong></span> <span class='ocrx_word' id='word_1_223' title='bbox 1943 2952 2112 3039; x_wconf 84' lang='lat' dir='ltr'><strong>formalia</strong></span> 
     </span>
     <span class='ocr_line' id='line_1_22' title="bbox 387 3062 2113 3196; baseline -0.02 -23"><span class='ocrx_word' id='word_1_224' title='bbox 387 3114 470 3196; x_wconf 81' lang='lat' dir='ltr'><strong>quae</strong></span> <span class='ocrx_word' id='word_1_225' title='bbox 492 3090 574 3169; x_wconf 87' lang='lat' dir='ltr'><strong>lunt</strong></span> <span class='ocrx_word' id='word_1_226' title='bbox 594 3084 828 3166; x_wconf 84' lang='lat' dir='ltr'><strong>semitonium</strong></span> <span class='ocrx_word' id='word_1_227' title='bbox 850 3079 1153 3159; x_wconf 80' lang='lat' dir='ltr'><strong>enarmonicum:</strong></span> <span class='ocrx_word' id='word_1_228' title='bbox 1178 3084 1231 3149; x_wconf 89' lang='lat' dir='ltr'><strong>ta·</strong></span> <span class='ocrx_word' id='word_1_229' title='bbox 1269 3064 1525 3173; x_wconf 73' lang='lat' dir='ltr'><strong>inferioribus,</strong></span> <span class='ocrx_word' id='word_1_230' title='bbox 1555 3063 1593 3140; x_wconf 84' lang='lat' dir='ltr'><strong>da</strong></span> <span class='ocrx_word' id='word_1_231' title='bbox 1615 3086 1681 3165; x_wconf 89' lang='lat' dir='ltr'><strong>per</strong></span> <span class='ocrx_word' id='word_1_232' title='bbox 1704 3062 1778 3142; x_wconf 90' lang='lat' dir='ltr'><strong>hoc</strong></span> <span class='ocrx_word' id='word_1_233' title='bbox 1802 3070 1919 3166; x_wconf 84' lang='lat' dir='ltr'><strong>magis</strong></span> <span class='ocrx_word' id='word_1_234' title='bbox 1943 3068 2113 3147; x_wconf 81' lang='lat' dir='ltr'><strong>acciden-</strong></span> 
     </span>
     <span class='ocr_line' id='line_1_23' title="bbox 387 3172 2113 3300; baseline -0.017 -18"><span class='ocrx_word' id='word_1_235' title='bbox 387 3204 423 3285; x_wconf 86' lang='lat' dir='ltr'><strong>le</strong></span> <span class='ocrx_word' id='word_1_236' title='bbox 447 3218 570 3283; x_wconf 83' lang='lat' dir='ltr'><strong>autem</strong></span> <span class='ocrx_word' id='word_1_237' title='bbox 594 3197 737 3300; x_wconf 76' lang='lat' dir='ltr'><strong>iignum</strong></span> <span class='ocrx_word' id='word_1_238' title='bbox 771 3193 863 3274; x_wconf 83' lang='lat' dir='ltr'><strong>ultra</strong></span> <span class='ocrx_word' id='word_1_239' title='bbox 890 3190 968 3283; x_wconf 86' lang='lat' dir='ltr'><strong>hoc</strong></span> <span class='ocrx_word' id='word_1_240' title='bbox 996 3184 1082 3266; x_wconf 84' lang='lat' dir='ltr'><strong>lacit</strong></span> <span class='ocrx_word' id='word_1_241' title='bbox 1109 3182 1231 3264; x_wconf 83' lang='lat' dir='ltr'><strong>ascen·</strong></span> <span class='ocrx_word' id='word_1_242' title='bbox 1270 3181 1344 3263; x_wconf 76' lang='grc' dir='ltr'><strong>ιῖιι</strong></span> <span class='ocrx_word' id='word_1_243' title='bbox 1373 3198 1467 3279; x_wconf 86' lang='lat' dir='ltr'><strong>aqua</strong></span> <span class='ocrx_word' id='word_1_244' title='bbox 1499 3172 1598 3251; x_wconf 88' lang='lat' dir='ltr'><strong>euim</strong></span> <span class='ocrx_word' id='word_1_245' title='bbox 1626 3174 1677 3251; x_wconf 88' lang='lat' dir='ltr'><strong>est</strong></span> <span class='ocrx_word' id='word_1_246' title='bbox 1704 3172 1891 3255; x_wconf 81' lang='lat' dir='ltr'><strong>formatior</strong></span> <span class='ocrx_word' id='word_1_247' title='bbox 1921 3192 2040 3267; x_wconf 84' lang='lat' dir='ltr'><strong>terra,</strong></span> <span class='ocrx_word' id='word_1_248' title='bbox 2058 3182 2113 3260; x_wconf 75' lang='grc' dir='ltr'><strong>,ει</strong></span> 
     </span>
     <span class='ocr_line' id='line_1_24' title="bbox 388 3286 2111 3413; baseline -0.015 -17"><span class='ocrx_word' id='word_1_249' title='bbox 388 3315 475 3395; x_wconf 85' lang='lat' dir='ltr'><strong>dere</strong></span> <span class='ocrx_word' id='word_1_250' title='bbox 491 3336 601 3394; x_wconf 88' lang='lat' dir='ltr'><strong>unam</strong></span> <span class='ocrx_word' id='word_1_251' title='bbox 621 3326 759 3413; x_wconf 88' lang='lat' dir='ltr'><strong>partem</strong></span> <span class='ocrx_word' id='word_1_252' title='bbox 779 3304 861 3407; x_wconf 83' lang='lat' dir='ltr'><strong>plus</strong></span> <span class='ocrx_word' id='word_1_253' title='bbox 878 3300 984 3404; x_wconf 81' lang='lat' dir='ltr'><strong>ipsius</strong></span> <span class='ocrx_word' id='word_1_254' title='bbox 1000 3299 1102 3387; x_wconf 88' lang='lat' dir='ltr'><strong>toni,</strong></span> <span class='ocrx_word' id='word_1_255' title='bbox 1119 3316 1229 3397; x_wconf 86' lang='lat' dir='ltr'><strong>quam</strong></span> <span class='ocrx_word' id='word_1_256' title='bbox 1270 3310 1332 3369; x_wconf 88' lang='lat' dir='ltr'><strong>aer</strong></span> <span class='ocrx_word' id='word_1_257' title='bbox 1353 3306 1467 3389; x_wconf 84' lang='lat' dir='ltr'><strong>equa.</strong></span> <span class='ocrx_word' id='word_1_258' title='bbox 1498 3286 1536 3361; x_wconf 73' lang='grc' dir='ltr'><strong>δι</strong></span> <span class='ocrx_word' id='word_1_259' title='bbox 1558 3286 1654 3386; x_wconf 83' lang='lat' dir='ltr'><strong>ignis</strong></span> <span class='ocrx_word' id='word_1_260' title='bbox 1677 3310 1780 3375; x_wconf 87' lang='lat' dir='ltr'><strong>aere,</strong></span> <span class='ocrx_word' id='word_1_261' title='bbox 1811 3310 1891 3389; x_wconf 81' lang='lat' dir='ltr'><strong>quae</strong></span> <span class='ocrx_word' id='word_1_262' title='bbox 1914 3287 1999 3369; x_wconf 86' lang='lat' dir='ltr'><strong>sunt</strong></span> <span class='ocrx_word' id='word_1_263' title='bbox 2018 3291 2111 3373; x_wconf 85' lang='lat' dir='ltr'><strong>ioco</strong></span> 
     </span>
     <span class='ocr_line' id='line_1_25' title="bbox 379 3395 2111 3528; baseline -0.014 -22"><span class='ocrx_word' id='word_1_264' title='bbox 379 3428 496 3507; x_wconf 72' lang='lat' dir='ltr'><strong>viaciat</strong></span> <span class='ocrx_word' id='word_1_265' title='bbox 519 3413 552 3528; x_wconf 69' lang='lat' dir='ltr'><strong>li</strong></span> <span class='ocrx_word' id='word_1_266' title='bbox 566 3422 746 3525; x_wconf 88' lang='lat' dir='ltr'><strong>quadrum</strong></span> <span class='ocrx_word' id='word_1_267' title='bbox 761 3413 966 3509; x_wconf 67' lang='lat' dir='ltr'><strong>,dividendo</strong></span> <span class='ocrx_word' id='word_1_268' title='bbox 990 3408 1108 3515; x_wconf 80' lang='lat' dir='ltr'><strong>ipsum</strong></span> <span class='ocrx_word' id='word_1_269' title='bbox 1127 3405 1233 3485; x_wconf 85' lang='lat' dir='ltr'><strong>semi·</strong></span> <span class='ocrx_word' id='word_1_270' title='bbox 1271 3398 1466 3502; x_wconf 82' lang='lat' dir='ltr'><strong>superiora.</strong></span> <span class='ocrx_word' id='word_1_271' title='bbox 1517 3395 1615 3475; x_wconf 84' lang='lat' dir='ltr'><strong>Nam</strong></span> <span class='ocrx_word' id='word_1_272' title='bbox 1643 3396 1774 3479; x_wconf 80' lang='lat' dir='ltr'><strong>formae</strong></span> <span class='ocrx_word' id='word_1_273' title='bbox 1801 3399 1876 3488; x_wconf 80' lang='lat' dir='ltr'><strong>eli,</strong></span> <span class='ocrx_word' id='word_1_274' title='bbox 1907 3398 1997 3481; x_wconf 87' lang='lat' dir='ltr'><strong>ficut</strong></span> <span class='ocrx_word' id='word_1_275' title='bbox 2020 3402 2111 3496; x_wconf 85' lang='lat' dir='ltr'><strong>loci,</strong></span> 
     </span>
     <span class='ocr_line' id='line_1_26' title="bbox 387 3505 2114 3628; baseline -0.017 -9"><span class='ocrx_word' id='word_1_276' title='bbox 387 3540 535 3619; x_wconf 85' lang='lat' dir='ltr'><strong>ionium</strong></span> <span class='ocrx_word' id='word_1_277' title='bbox 552 3534 829 3615; x_wconf 85' lang='lat' dir='ltr'><strong>enarmonicum</strong></span> <span class='ocrx_word' id='word_1_278' title='bbox 847 3549 918 3628; x_wconf 86' lang='lat' dir='ltr'><strong>pro</strong></span> <span class='ocrx_word' id='word_1_279' title='bbox 937 3523 1141 3604; x_wconf 89' lang='lat' dir='ltr'><strong>medietate.</strong></span> <span class='ocrx_word' id='word_1_280' title='bbox 1166 3513 1232 3596; x_wconf 84' lang='lat' dir='ltr'><strong>Er·</strong></span> <span class='ocrx_word' id='word_1_281' title='bbox 1271 3514 1475 3591; x_wconf 85' lang='lat' dir='ltr'><strong>continere.</strong></span> <span class='ocrx_word' id='word_1_282' title='bbox 1534 3505 1579 3587; x_wconf 91' lang='lat' dir='ltr'><strong>in</strong></span> <span class='ocrx_word' id='word_1_283' title='bbox 1606 3508 1866 3611; x_wconf 24' lang='lat' dir='ltr'><strong>quibuslenim</strong></span> <span class='ocrx_word' id='word_1_284' title='bbox 1897 3511 1989 3592; x_wconf 75' lang='lat' dir='ltr'><strong>locis</strong></span> <span class='ocrx_word' id='word_1_285' title='bbox 2018 3519 2114 3617; x_wconf 82' lang='lat' dir='ltr'><strong>poni</strong></span> 
     </span>
     <span class='ocr_line' id='line_1_27' title="bbox 387 3615 2115 3753; baseline -0.016 -22"><span class='ocrx_word' id='word_1_286' title='bbox 387 3675 462 3753; x_wconf 87' lang='lat' dir='ltr'><strong>go,</strong></span> <span class='ocrx_word' id='word_1_287' title='bbox 487 3648 616 3729; x_wconf 90' lang='lat' dir='ltr'><strong>dicunt</strong></span> <span class='ocrx_word' id='word_1_288' title='bbox 634 3641 727 3745; x_wconf 76' lang='lat' dir='ltr'><strong>ipfi,</strong></span> <span class='ocrx_word' id='word_1_289' title='bbox 757 3640 864 3721; x_wconf 86' lang='lat' dir='ltr'><strong>debet</strong></span> <span class='ocrx_word' id='word_1_290' title='bbox 891 3635 1042 3738; x_wconf 85' lang='lat' dir='ltr'><strong>figurari</strong></span> <span class='ocrx_word' id='word_1_291' title='bbox 1062 3653 1134 3736; x_wconf 88' lang='lat' dir='ltr'><strong>pro</strong></span> <span class='ocrx_word' id='word_1_292' title='bbox 1153 3651 1232 3706; x_wconf 63' lang='lat' dir='ltr'><strong>me</strong></span> <span class='ocrx_word' id='word_1_293' title='bbox 1271 3620 1401 3736; x_wconf 81' lang='lat' dir='ltr'><strong>debeat</strong></span> <span class='ocrx_word' id='word_1_294' title='bbox 1421 3615 1682 3720; x_wconf 58' lang='lat' dir='ltr'><strong>tale-lignum,</strong></span> <span class='ocrx_word' id='word_1_295' title='bbox 1696 3622 1888 3702; x_wconf 48' lang='lat' dir='ltr'><strong>inrnostro</strong></span> <span class='ocrx_word' id='word_1_296' title='bbox 1902 3644 2017 3724; x_wconf 89' lang='lat' dir='ltr'><strong>opere</strong></span> <span class='ocrx_word' id='word_1_297' title='bbox 2034 3628 2115 3730; x_wconf 85' lang='lat' dir='ltr'><strong>pia·</strong></span> 
     </span>
     <span class='ocr_line' id='line_1_28' title="bbox 389 3728 2113 3863; baseline -0.02 -20"><span class='ocrx_word' id='word_1_298' title='bbox 389 3764 523 3843; x_wconf 89' lang='lat' dir='ltr'><strong>dietate</strong></span> <span class='ocrx_word' id='word_1_299' title='bbox 546 3752 568 3863; x_wconf 59' lang='grc' dir='ltr'><strong>ξ</strong></span> <span class='ocrx_word' id='word_1_300' title='bbox 594 3754 747 3862; x_wconf 85' lang='lat' dir='ltr'><strong>quadri:</strong></span> <span class='ocrx_word' id='word_1_301' title='bbox 778 3745 948 3853; x_wconf 77' lang='lat' dir='ltr'><strong>cunipfi</strong></span> <span class='ocrx_word' id='word_1_302' title='bbox 971 3748 1098 3853; x_wconf 79' lang='lat' dir='ltr'><strong>potius</strong></span> <span class='ocrx_word' id='word_1_303' title='bbox 1121 3740 1228 3818; x_wconf 88' lang='lat' dir='ltr'><strong>debe·</strong></span> <span class='ocrx_word' id='word_1_304' title='bbox 1253 3758 1327 3850; x_wconf 80' lang='lat' dir='ltr'><strong>nu</strong></span> <span class='ocrx_word' id='word_1_305' title='bbox 1350 3730 1524 3819; x_wconf 54' lang='lat' dir='ltr'><strong>muficca,⁴</strong></span> <span class='ocrx_word' id='word_1_306' title='bbox 1540 3731 1602 3810; x_wconf 89' lang='lat' dir='ltr'><strong>ubi</strong></span> <span class='ocrx_word' id='word_1_307' title='bbox 1626 3730 1672 3809; x_wconf 84' lang='lat' dir='ltr'><strong>de</strong></span> <span class='ocrx_word' id='word_1_308' title='bbox 1694 3728 1868 3813; x_wconf 79' lang='lat' dir='ltr'><strong>divisione</strong></span> <span class='ocrx_word' id='word_1_309' title='bbox 1890 3736 1965 3815; x_wconf 87' lang='lat' dir='ltr'><strong>loci</strong></span> <span class='ocrx_word' id='word_1_310' title='bbox 1984 3738 2113 3820; x_wconf 76' lang='lat' dir='ltr'><strong>uada.</strong></span> 
     </span>
     <span class='ocr_line' id='line_1_29' title="bbox 387 3842 2113 3966; baseline -0.02 -11"><span class='ocrx_word' id='word_1_311' title='bbox 387 3889 471 3956; x_wconf 90' lang='lat' dir='ltr'><strong>rent</strong></span> <span class='ocrx_word' id='word_1_312' title='bbox 490 3872 635 3966; x_wconf 80' lang='lat' dir='ltr'><strong>dicere3</strong></span> <span class='ocrx_word' id='word_1_313' title='bbox 658 3866 767 3946; x_wconf 88' lang='lat' dir='ltr'><strong>debet</strong></span> <span class='ocrx_word' id='word_1_314' title='bbox 785 3862 1041 3965; x_wconf 84' lang='lat' dir='ltr'><strong>figurari&#39;cum</strong></span> <span class='ocrx_word' id='word_1_315' title='bbox 1061 3851 1230 3937; x_wconf 79' lang='lat' dir='ltr'><strong>ulteriori</strong></span> <span class='ocrx_word' id='word_1_316' title='bbox 1270 3852 1358 3935; x_wconf 87' lang='lat' dir='ltr'><strong>tur&#39;.</strong></span> <span class='ocrx_word' id='word_1_317' title='bbox 1387 3844 1530 3947; x_wconf 75' lang='lat' dir='ltr'><strong>plenius</strong></span> <span class='ocrx_word' id='word_1_318' title='bbox 1556 3842 1610 3921; x_wconf 81' lang='lat' dir='ltr'><strong>eii</strong></span> <span class='ocrx_word' id='word_1_319' title='bbox 1639 3842 1831 3925; x_wconf 81' lang='lat' dir='ltr'><strong>ostensum.</strong></span> <span class='ocrx_word' id='word_1_320' title='bbox 1877 3842 1930 3929; x_wconf 73' lang='lat' dir='ltr'><strong>Et</strong></span> <span class='ocrx_word' id='word_1_321' title='bbox 1957 3848 2038 3931; x_wconf 78' lang='lat' dir='ltr'><strong>haec</strong></span> <span class='ocrx_word' id='word_1_322' title='bbox 2064 3851 2113 3934; x_wconf 63' lang='lat' dir='ltr'><strong>de</strong></span> 
     </span>
     <span class='ocr_line' id='line_1_30' title="bbox 386 3953 1604 4089; baseline -0.027 -22"><span class='ocrx_word' id='word_1_323' title='bbox 386 3984 611 4089; x_wconf 79' lang='lat' dir='ltr'><strong>perledioue</strong></span> <span class='ocrx_word' id='word_1_324' title='bbox 634 4002 744 4083; x_wconf 89' lang='lat' dir='ltr'><strong>quam</strong></span> <span class='ocrx_word' id='word_1_325' title='bbox 770 3966 793 4072; x_wconf 75' lang='lat' dir='ltr'><strong>la</strong></span> <span class='ocrx_word' id='word_1_326' title='bbox 822 3971 1025 4077; x_wconf 86' lang='lat' dir='ltr'><strong>quadrum,</strong></span> <span class='ocrx_word' id='word_1_327' title='bbox 1051 3960 1230 4071; x_wconf 87' lang='lat' dir='ltr'><strong>eoquod</strong></span> <span class='ocrx_word' id='word_1_328' title='bbox 1271 3954 1403 4041; x_wconf 78' lang='lat' dir='ltr'><strong>mulien</strong></span> <span class='ocrx_word' id='word_1_329' title='bbox 1427 3953 1604 4035; x_wconf 82' lang='lat' dir='ltr'><strong>colorata</strong></span> 
     </span>
    </p>
   </div>
   <div class='ocr_carea' id='block_1_3' title="bbox 387 4076 2084 4236">
    <p class='ocr_par' dir='ltr' id='par_1_3' title="bbox 387 4076 2084 4236">
     <span class='ocr_line' id='line_1_31' title="bbox 387 4076 2084 4236; baseline 0.02 -51"><span class='ocrx_word' id='word_1_330' title='bbox 387 4084 935 4191; x_wconf 63' lang='lat' dir='ltr'><strong>nonsumadditsuntafnsum</strong></span> <span class='ocrx_word' id='word_1_331' title='bbox 950 4076 1228 4161; x_wconf 67' lang='lat' dir='ltr'><strong>&amp;dl&#39;ffi⁰¹¹⁰⁰¹·</strong></span> <span class='ocrx_word' id='word_1_332' title='bbox 1263 4200 1268 4210; x_wconf 89' lang='grc'>,</span> <span class='ocrx_word' id='word_1_333' title='bbox 1298 4130 1456 4236; x_wconf 50' lang='lat' dir='ltr'><strong>mucre</strong></span> <span class='ocrx_word' id='word_1_334' title='bbox 1471 4126 1699 4231; x_wconf 64' lang='lat' dir='ltr'><strong>primatui·</strong></span> <span class='ocrx_word' id='word_1_335' title='bbox 1710 4132 1836 4230; x_wconf 65' lang='lat' dir='ltr'><strong>urna</strong></span> <span class='ocrx_word' id='word_1_336' title='bbox 1850 4147 1943 4231; x_wconf 72' lang='lat' dir='ltr'><strong>pars</strong></span> <span class='ocrx_word' id='word_1_337' title='bbox 1962 4135 2006 4216; x_wconf 77' lang='lat' dir='ltr'><strong>o</strong></span> <span class='ocrx_word' id='word_1_338' title='bbox 2023 4160 2084 4219; x_wconf 68' lang='lat' dir='ltr'><strong>ae</strong></span> 
     </span>
    </p>
   </div>
   <div class='ocr_carea' id='block_1_4' title="bbox 387 4187 1996 4414">
    <p class='ocr_par' dir='ltr' id='par_1_4' title="bbox 387 4187 1996 4414">
     <span class='ocr_line' id='line_1_32' title="bbox 387 4187 1996 4414; baseline -0.001 -12"><span class='ocrx_word' id='word_1_339' title='bbox 387 4208 491 4405; x_wconf 70' lang='lat' dir='ltr'><strong>ite</strong></span> <span class='ocrx_word' id='word_1_340' title='bbox 498 4192 1094 4414; x_wconf 59' lang='lat' dir='ltr'><strong>,titillationi</strong></span> <span class='ocrx_word' id='word_1_341' title='bbox 1103 4187 1230 4385; x_wconf 70' lang='lat' dir='ltr'><strong>‘tir</strong></span> <span class='ocrx_word' id='word_1_342' title='bbox 1382 4236 1612 4327; x_wconf 79' lang='grc' dir='ltr'><strong>ιιι</strong></span> <span class='ocrx_word' id='word_1_343' title='bbox 1628 4238 1760 4343; x_wconf 89' lang='grc' dir='ltr'><strong>ιι</strong></span> <span class='ocrx_word' id='word_1_344' title='bbox 1777 4243 1996 4347; x_wconf 83' lang='grc' dir='ltr'><strong>ιιι</strong></span> 
     </span>
    </p>
   </div>
   <div class='ocr_carea' id='block_1_5' title="bbox 387 535 1798 672">
    <p class='ocr_par' dir='ltr' id='par_1_5' title="bbox 387 535 1798 672">
     <span class='ocr_line' id='line_1_33' title="bbox 387 535 1798 672; baseline -0.014 -26"><span class='ocrx_word' id='word_1_345' title='bbox 387 535 502 672; x_wconf 78' lang='grc' dir='ltr'><strong>ι’36</strong></span> <span class='ocrx_word' id='word_1_346' title='bbox 698 535 1158 636; x_wconf 79' lang='lat' dir='ltr'><strong>unnonnaann</strong></span> <span class='ocrx_word' id='word_1_347' title='bbox 1202 538 1406 624; x_wconf 77' lang='lat' dir='ltr'><strong>annun</strong></span> <span class='ocrx_word' id='word_1_348' title='bbox 1447 538 1798 626; x_wconf 77' lang='lat' dir='ltr'><strong>nonnarum.</strong></span> 
     </span>
    </p>
   </div>
   <div class='ocr_carea' id='block_1_6' title="bbox 1871 4721 2075 4908">
    <p class='ocr_par' dir='ltr' id='par_1_6' title="bbox 1871 4721 2075 4908">
     <span class='ocr_line' id='line_1_34' title="bbox 1871 4721 2075 4908; baseline -0.005 -69"><span class='ocrx_word' id='word_1_349' title='bbox 1871 4721 2037 4841; x_wconf 85' lang='lat' dir='ltr'>INCI-</span> <span class='ocrx_word' id='word_1_350' title='bbox 2072 4900 2075 4908; x_wconf 16' lang='grc' dir='ltr'>Ι</span> 
     </span>
    </p>
   </div>
   <div class='ocr_carea' id='block_1_7' title="bbox 0 0 2386 6020">
    <p class='ocr_par' dir='ltr' id='par_1_7' title="bbox 0 0 2386 6020">
     <span class='ocr_line' id='line_1_35' title="bbox 0 0 2386 6020; baseline 0 0"><span class='ocrx_word' id='word_1_351' title='bbox 0 0 2386 6020; x_wconf 95' lang='lat' dir='ltr'><strong> </strong></span> 
     </span>
    </p>
   </div>
  </div>
 </body>
</html>
