4750 6025
398 567 521 690 322
868 593 870 596 ·
919 687 922 692 Ι
1008 525 1274 650 toruum
1309 515 1529 646 ronam
1653 631 1657 639 ,
1701 610 1707 618 ,

391 735 494 846 mm,
518 748 663 832 tertiam
700 766 788 828 vero
817 741 1069 825 harmonicam
1099 763 1245 845 ponen-
1284 703 1556 847 sesquiodava,
1579 737 1771 846 -dnpatoa
1812 763 1904 822 vero
1936 685 1999 824 in!
2025 741 2141 847 dupla
2219 802 2222 806 -

390 881 459 956 tea.
500 863 644 945 Sedue
665 856 838 941 vocabuli
863 856 1154 962 aequivocatione
1181 878 1245 957 pa-
1285 851 1592 959 proportionibua
1626 851 1819 936 confidere
1851 854 2002 936 dimtut.
2048 855 2141 938 Hae

391 977 663 1080 talogizemua,
682 997 703 1053 a
722 971 843 1052 nostra
865 967 1155 1049 confidet-atione
1170 968 1246 1069 pri·
1285 980 1408 1047 autem
1442 967 1482 1043 iu
1514 964 1748 1068 sequentibus
1778 981 1966 1071 tamquam
2003 970 2143 1074 priuci-

394 1113 473 1170 maa
491 1085 600 1176 duas,
632 1109 722 1189 quas
751 1081 899 1164 trivialia
915 1077 986 1160 elle
1013 1075 1246 1160 confiderati-
1285 1080 1388 1162 cium
1418 1076 1594 1159 duximus
1625 1077 1921 1183 supponendum.

393 1204 480 1284 onia
504 1199 667 1288 constat,
688 1194 838 1277 musrcar
861 1206 1115 1298 amputamus,
1137 1190 1175 1268 dt
1199 1189 1247 1269 de

391 1312 502 1396 tertia
526 1324 689 1398 tantum,
718 1332 799 1412 quaa
823 1331 907 1387 vere
932 1302 1159 1409 quadrivialis
1180 1301 1244 1390 est,
1299 1357 1303 1363 .

395 1424 565 1617 'milli
598 1421 889 1612 ‘'iliql‘ml'l‘n
909 1415 1073 1632 „iat
1109 1435 1248 1605 irati
1344 1411 1403 1496 ⁰³
1427 1417 1540 1499 '’m'‘
1548 1412 1819 1630 numu
1839 1441 1968 1498 ''⁰⁶¹⁰''
1991 1433 2077 1522 m·
2134 1450 2138 1456 ’
2234 1428 2237 1432 ‘

394 1559 611 1732 talamum}
629 1555 812 1775 nosyve’rfol
831 1665 852 1722 a
875 1640 992 1774 Modo
1015 1583 1159 1719 trarilse
1177 1661 1248 1768 no·
1345 1624 1491 1772 Omnes
1514 1663 1647 1773 vocer,
1678 1587 1833 1776 qoamrq
1855 1642 1907 1723 ell
1926 1643 2140 1748 aequalitatis

395 1756 704 1956 illabili&
721 1757 1120 1968 lllllitttl
1140 1772 1247 1942 ‘tlt
1289 1751 2143 1970 titilatlltll{latinitate

1553 1251 1805 1336 creaturan
1833 1254 1881 1338 Il.

301 2046 304 2050 »
348 2058 351 2062 .
397 1977 581 2068 Geneseoa'
601 1980 748 2061 historia
766 1977 888 2060 Tubal
908 1979 1070 2082 primum
1097 1971 1248 2054 Manca
1289 1977 1354 2055 dio
1379 1977 1649 2078 multipliciter,
1679 1982 1759 2057 imo
1782 1977 1954 2060 infinitiea
1978 1981 2180 2082 contigit·

375 2106 667 2178 commemorat
698 2096 953 2172 inventorem:
976 2087 1039 2169 ult
1069 2085 1250 2189 Amphio·
1289 2087 1456 2178 deviare,
1487 2087 1575 2168 hinc
1597 2090 1669 2181 est,
1701 2089 1803 2192 quod
1826 2089 1955 2170 diverli
1981 2093 2062 2172 soni
2086 2093 2141 2173 lt·

396 2232 505 2298 nem,
535 2205 596 2286 alii
622 2225 733 2292 aero,
764 2216 808 2282 ut
834 2199 1143 2306 philosophorum
1171 2202 1247 2276 ma·
1289 2200 1458 2281 cundum
1486 2199 1642 2282 infinitae
1671 2206 1927 2307 proportionis
1955 2203 2142 2308 inaquali-

395 2323 455 2401 ior
488 2341 596 2423 para,
626 2312 895 2419 Pythagoram,
923 2315 1009 2419 qui,
1042 2326 1094 2412 ut
1112 2311 1246 2396 ferunt,
1290 2315 1374 2393 tatia
1405 2313 1624 2394 variationes
1653 2313 1801 2396 infinita
1829 2313 1974 2418 pollent
2004 2317 2140 2420 specior

396 2431 479 2514 calu
504 2422 681 2509 fabricam
702 2423 897 2515 tranlienr,
928 2437 1086 2530 quatuor
1111 2420 1250 2530 audiuit
1289 2423 1460 2527 alliganti
1469 2448 1489 2519 3·
1511 2447 1668 2528 quarum
1688 2440 1812 2507 tamen
1827 2429 2030 2510 admodum
2053 2454 2143 2532 pao·

397 2542 613 2624 malleorum
639 2540 748 2628 iilos,
775 2551 932 2628 tonum,
959 2539 1148 2641 diapente,
1173 2532 1249 2612 dia·
1283 2548 1343 2616 ear
1367 2537 1511 2617 aurium
1538 2538 1677 2621 iudicio
1707 2539 1790 2619 lunt
1817 2544 2062 2644 adprobate,
2079 2543 2141 2622 sed

396 2649 576 2742 tellaron,
603 2675 646 2732 ac
679 2649 847 2753 diapason
884 2651 1059 2731 sonorum
1096 2646 1247 2729 suorum
1290 2659 1417 2729 earum
1436 2672 1588 2753 magna,
1613 2653 1692 2732 imo
1713 2655 1831 2731 maior
1851 2677 1957 2754 paro,
1987 2655 2142 2756 detesta-

397 2766 646 2871 proportione
679 2758 862 2844 furientes.
899 2761 949 2841 At
984 2758 1059 2862 ipse
1094 2757 1248 2860 suspica·
1291 2759 1403 2839 bilem
1430 2757 1576 2841 auribua
1605 2758 1716 2842 efficit
1747 2761 2023 2846 dillonantlam:
2048 2769 2142 2848 ideo
2188 2769 2193 2777 ’

397 2869 489 2968 tua,
510 2875 537 2954 ti
559 2876 656 2955 forte
683 2878 721 2953 in
748 2873 969 2954 lacertorum
995 2870 1045 2952 fic
1069 2869 1248 2954 fabricatr-
1289 2869 1508 2951 amulicalir
1529 2871 1683 2956 scientiar
1705 2899 1797 2979 agro
1817 2875 1915 2982 quasa
1933 2878 2061 2960 tribuli
2080 2903 2143 2960 ve-

395 2993 492 3074 tium
523 2986 742 3068 fortitudine
766 2983 845 3066 haec
873 2984 1054 3065 sonorum
1080 2980 1249 3064 coufilte·
1291 2985 1402 3065 uiunt
1424 2985 1659 3070 eradicandae

322 3164 330 3195 -‚
381 3117 454 3209 ¹'ret
481 3100 704 3205 proportio,
734 3100 948 3200 permutatis
975 3096 1114 3175 malleis
1127 3152 1138 3185 ,
1153 3154 1155 3161 .
1169 3116 1250 3173 rur·
1347 3094 1530 3178 Venimus
1545 3097 1662 3199 igitur
1681 3100 1726 3180 ad
1745 3087 1803 3187 eas
1819 3100 1946 3182 direrfi
1966 3100 2046 3183 soni
2062 3103 2141 3209 spe·

397 3212 477 3294 lum
513 3227 557 3297 ut
588 3215 767 3299 iacerent,
804 3210 911 3289 fabrio
948 3210 1154 3312 praecepit:v
1185 3204 1251 3285 ubi
1291 3210 1389 3297 ries,
1419 3231 1510 3311 quaa
1537 3209 1663 3291 mulici
1685 3214 1753 3297 velv
1768 3217 2052 3307 concordanter,
2084 3217 2143 3299 vel

397 3346 477 3405 raon
508 3324 673 3403 obstante
705 3320 923 3401 malleorum
962 3318 1245 3421 permutatione,
1291 3320 1337 3398 ad
1356 3321 1481 3404 minua
1500 3345 1578 3401 non
1603 3338 1678 3403 tam
1702 3320 1837 3405 absone
1850 3323 2139 3409 diffomoteare·

396 3433 495 3539 apud
510 3432 673 3535 lingulae
693 3456 823 3511 eorum
844 3431 915 3512 suae
931 3430 1158 3536 permansere
1173 3431 1248 3533 pri·
1290 3434 1437 3533 pariunt
1446 3456 1463 3509 a.
1487 3433 1525 3511 de
1543 3432 1707 3524 dimmur
1722 3438 1868 3541 primo,
1888 3440 1992 3543 quod
2011 3457 2137 3545 tonna,

290 3596 292 3601 .
395 3546 463 3629 scae
489 3546 670 3626 sonorum.
690 3544 963 3646 proportiones.
1009 3542 1118 3625 Unde
1136 3562 1249 3644 expe·
1289 3544 1379 3645 qul,
1404 3556 1446 3623 ut
1464 3546 1502 3627 iu
1518 3536 1761 3647 superioribus
1796 3548 1977 3641 diximus,
2009 3553 2047 3631 in
2069 3551 2138 3634 ser·
2172 3586 2175 3590 ·

396 3659 527 3741 rientia
568 3656 729 3741 dodrire
770 3654 922 3746 didicit,
954 3658 993 3734 in
1024 3653 1248 3735 malleorum
1291 3649 1479 3762 quintiava
1499 3656 1659 3764 confistit
1681 3665 1938 3763 proportione,
1957 3666 2139 3765 reperitur

397 3770 565 3876 pondere
598 3768 693 3848 hauc
726 3766 904 3848 sonorum
938 3764 1131 3853 confidere
1161 3788 1250 3868 pro-
1292 3768 1331 3845 da
1349 3768 1401 3845 eli
1420 3770 1515 3846 inter
1531 3762 1834 3873 -quasltbet‘nuaa
1853 3764 1918 3853 libi
1948 3779 2140 3883 proximae

92 3930 93 3955 ι
397 3886 625 3989 portionem.
672 3878 850 3977 Quorum
875 3878 965 3961 dum
992 3878 1138 3982 pondua
1168 3876 1251 3959 dili·
1291 3902 1403 3958 vocer
1420 3878 1550 3963 deillis
1566 3867 1835 3989 sex,.videlioet
1852 3897 1906 3974 ut,
1925 3886 2063 3979 rami,
2074 3884 2138 3989 fa,

194 3988 199 3997 ’
227 4000 229 4005 ’
399 3996 547 4098 gentina
576 3990 808 4096 exploraret,
840 4014 970 4071 eorum
998 3986 1162 4094 pondera
1193 4013 1252 4068 re·
1282 3988 1351 4090 sol.
1372 3989 1419 4069 lo.
1448 3992 1579 4071 demtis
1597 3992 1663 4083 mi,
1679 3997 1716 4073 de
1722 3991 1783 4095 fa,
1804 3998 1900 4077 iuter
1918 4021 2008 4104 quat
2020 4024 2138 4109 1votet

400 4108 497 4210 perit
532 4102 601 4184 elle
635 4108 736 4184 iuxta
777 4102 848 4183 hor
879 4116 1040 4207 quatuor
1075 4124 1250 4183 numeror
1291 4098 1356 4186 libi
1382 4107 1572 4204 proximan
1597 4108 1721 4210 accipe
1743 4106 1977 4201 semitonium
2001 4114 2136 4202 minuo.

402 4229 440 4295 ε.
474 4228 509 4313 8.
536 4240 571 4309 9.
612 4236 672 4294 12.
706 4217 743 4294 dr
770 4215 865 4293 inter
895 4224 932 4293 6.
966 4215 1005 4292 dr
1026 4225 1062 4303 8.
1092 4209 1252 4296 diatella-
1293 4216 1397 4316 quod
1413 4213 1536 4293 diellm
1566 4213 1744 4299 vocavere
1770 4212 1956 4323 sapientae
1999 4222 2139 4306 Minoa

401 4352 496 4418 ron,
527 4330 622 4405 inter
650 4337 686 4409 6.
721 4328 758 4405 da
793 4348 830 4416 9.
862 4325 1053 4427 diapente,
1084 4327 1181 4405 inter
1214 4336 1249 4411 8.
1293 4326 1393 4417 dixi,
1423 4326 1468 4407 ad
1485 4326 1728 4411 differentiam
1757 4328 1949 4435 semitonii¹
1971 4336 2136 4428 maioris,

403 4442 442 4521 da
462 4464 500 4533 9.
527 4454 686 4528 tonum,
715 4438 754 4517 dr
781 4440 876 4516 inter
907 4446 941 4513 6.
964 4437 1007 4513 ἀ
1037 4456 1099 4515 ra.
1129 4438 1252 4539 diapa-
1293 4438 1396 4545 quod
1423 4453 1600 4542 apotome
1623 4444 1680 4524 vel
1699 4441 1831 4523 deeifio
1853 4446 1998 4528 dicitur.
2057 4448 2139 4528 To-

402 4552 469 4633 fon
497 4547 688 4638 confidere
718 4550 993 4655 proportiones,
1036 4546 1081 4628 ln
1109 4547 1164 4627 hia
1185 4551 1253 4628 ita·
1293 4573 1362 4629 nus
1375 4574 1510 4651 nempe
1524 4576 1606 4631 non
1630 4578 1705 4655 per·
1723 4556 1885 4636 medium
1916 4559 1954 4636 io
1985 4559 2151 4663 aequalia,

401 4687 475 4769 que
492 4664 654 4744 numerio
674 4675 833 4763 quatuor
857 4661 971 4739 totiua
993 4658 1135 4742 mouera
1151 4663 1252 4763 prin-
1292 4660 1404 4741 setim
1430 4662 1670 4763 intelligitur,
1702 4683 1744 4749 ut
1772 4666 1961 4750 semitonia
1987 4672 2138 4775 aequalia
2282 4739 2283 4770 ,

247 4806 249 4811 ·
402 4779 541 4880 ulpium
560 4790 747 4883 tamquam
764 4772 988 4875 experientia
1005 4785 1140 4855 uotum
1159 4794 1252 4851 con·
1293 4770 1391 4876 quali
1404 4775 1547 4856 medior
1561 4772 1717 4859 efficiant
1730 4795 1854 4871 tonos,
1868 4780 1942 4881 seri,
1960 4798 2003 4863 ut
2014 4787 2053 4862 io
2066 4808 2140 4888 po-

401 4890 537 4976 stituit,
561 4884 752 4967 ut'scillcet
772 4880 985 4965 diateffaron
1005 4884 1042 4961 io
1063 4881 1253 4987 sesquiter·
1293 4886 1499 4965 lierioribur
1512 4888 1853 4981 demonstrabimua,
1875 4889 1914 4972 in
1931 4896 2162 4999 inarqualia,‚·

402 5002 474 5092 tia,
505 4998 673 5101 diapente
705 4998 744 5075 ia
775 4994 1027 5102 sesquialtera,
1067 5008 1180 5081 tonna
1210 4998 1250 5075 in
1292 5010 1336 5078 ut
1369 5000 1483 5078 maiua
1513 5001 1683 5082 minorve
1712 5000 1904 5088 semitonia
1945 5008 2154 5114 inaequalia.
2282 5073 2283 5082 ι

2015 5144 2080 5225 μ·
2157 5266 2160 5273 .
