4750 6025
396 531 517 675 315
1169 495 1367 609 lida·

318 725 324 729 ‘'
931 708 1585 834 TRAGTATULUS

319 995 327 1018 r
433 935 514 1019 DE
555 924 988 1016 DIFFERENTllS
1028 922 1106 1008 tta·
1144 920 1489 1005 eutramnus
1523 921 1874 1009 CANTORUM
1909 927 1946 1007 Α
1977 923 2095 1010 Md·

779 1096 929 1157 orsrrto
958 1068 1189 1153 Auuuserrn
1220 1090 1273 1149 nr
1303 1067 1339 1152 S.
1357 1067 1547 1153 Grateuo
1577 1095 1738 1155 aureus.

965 1236 1049 1345 Ex
1082 1217 1264 1342 Cedice
1293 1226 1563 1368 Peristerfi.

315 1516 337 1529 ,.
393 1403 658 1640 Existimo.
689 1452 792 1562 quod
818 1473 919 1535 nunc
947 1453 1126 1556 temporis
1153 1473 1241 1554 qua·
1282 1452 1435 1643 perinde
1453 1450 1639 1533 clamitant
1653 1451 1811 1543 avidius,
1829 1476 1926 1558 qnos
1941 1452 2013 1536 suis
2027 1453 2131 1560 pedi·
2248 1415 2256 1567 y,

507 1589 593 1655 tuor
606 1567 822 1675 principales
835 1565 918 1646 sunt
931 1563 1143 1644 differentiae
1155 1586 1242 1642 can·
1310 1589 1353 1645 us
1370 1564 1585 1645 conculcare
1603 1588 1680 1643 non
1699 1565 1814 1668 pudet
1829 1575 1923 1649 atrro
1940 1565 2133 1670 pretioso·
2248 1635 2250 1639 ,

394 1705 533 1770 turum.
583 1682 704 1765 Prima
727 1676 899 1784 plebescit
920 1678 959 1755 in
983 1676 1052 1755 illis
1076 1691 1118 1755 ut
1137 1699 1242 1767 cona·
1283 1700 1341 1756 res
1368 1675 1599 1770 harmonicas
1624 1675 1768 1757 mulce
1801 1682 2020 1781 margaritas.
2078 1677 2132 1761 Hi

394 1801 569 1884 munitet.
583 1798 647 1898 qui
663 1806 778 1873 artem
793 1786 935 1869 mulicac
951 1786 1096 1890 prorsus
1110 1788 1240 1889 ignari,
1284 1787 1366 1869 sunt
1386 1788 1578 1891 profesio,
1609 1812 1705 1891 quos
1732 1787 1908 1870 musicalis
1935 1790 2046 1871 edicit
2067 1814 2133 1872 tu·

323 1935 327 1939 ”
396 1909 500 1992 nullo
524 1911 632 1988 etiam
656 1903 825 1985 naturalis
851 1897 1094 2004 dispositionis
1118 1897 1253 1978 suffra-v
1284 1900 1431 1986 iloritas
1451 1900 1735 1982 irrevocabiliter
1753 1923 1774 1979 a
1795 1900 1944 1983 suorum
1967 1907 2073 1982 metis
2089 1902 2134 1981 li·

395 2037 507 2126 grute
528 2016 729 2105 beneficio.
757 2038 823 2117 per
846 2012 955 2097 fatue
977 2009 1048 2091 lua
1073 2010 1244 2113 praesum·
1284 2016 1388 2093 nium
1416 2011 1585 2101 exulare.
1616 2013 1784 2114 quinimo
1806 2013 1843 2091 in
1865 2036 1963 2116 quos
1985 2011 2060 2118 ipse
2079 2013 2133 2096 sa·

309 2170 315 2175 f
396 2134 510 2216 tionis
531 2129 657 2212 ausum
683 2126 941 2214 temerarium,
971 2121 1117 2227 planam
1147 2145 1244 2202 non·
1285 2143 1355 2204 ror
1377 2121 1521 2204 musice
1543 2122 1715 2227 conspuit
1736 2122 1971 2223 indignantis.

395 2246 489 2327 dum
509 2244 615 2346 gnari
646 2235 840 2344 muscam,
871 2232 1057 2332 musculos
1082 2247 1243 2318 attamen
1344 2235 1512 2318 Secunda
1525 2259 1616 2315 vero
1639 2233 1843 2327 differentia
1872 2251 1972 2339 patet
1998 2240 2037 2316 in
2063 2237 2134 2319 illia

395 2356 651 2439 consonantias
666 2346 780 2432 avido
803 2347 926 2428 morsu
944 2347 1075 2426 rodere
1099 2346 1137 2425 dr
1161 2346 1244 2427 ubi·
1286 2345 1482 2437 lnicalibus,
1501 2349 1566 2452 qui
1583 2346 1669 2426 licet
1687 2342 1756 2425 bnt
1778 2347 1892 2428 totius
1915 2352 2000 2428 artis
2024 2348 2135 2431 muli-

309 2484 313 2487 ·
398 2472 451 2547 ris
471 2469 645 2548 devorare
664 2455 919 2567 praesentando
937 2459 1115 2559 ungunt«
1142 2455 1191 2537 Et
1205 2460 1245 2536 in
1287 2459 1372 2540 calis
1396 2475 1586 2563 expertes,
1612 2458 1698 2537 zelo
1727 2471 1850 2537 tamen
1883 2458 1981 2540 dudi
2009 2460 2135 2543 dulce·
2271 2503 2275 2522 ‹

396 2579 467 2660 luae
503 2571 759 2659 corrixationis
794 2571 927 2653 latratu
963 2569 1052 2650 dum
1085 2569 1246 2649 clamore
1288 2571 1382 2651 dinis
1408 2570 1576 2651 delicatas
1594 2593 1698 2650 aures
1726 2569 1804 2649 suas
1832 2571 1878 2650 ad
1895 2575 2031 2675 quaeris
2051 2598 2134 2655 mu·
2273 2596 2275 2625 t

309 2676 326 2747 ἶ
398 2678 829 2774 audiuntottus'afinog
856 2682 1047 2762 &brutali
1070 2681 1245 2782 clangore
1286 2682 1400 2763 licalia
1437 2684 1623 2784 prebent.
1653 2684 1826 2762 attentius
1857 2683 2064 2765 adamantes
2094 2688 2134 2766 dc

307 2846 315 2885 ·.⁴
371 2800 593 2882 'terribilius
621 2799 793 2879 incubant
808 2850 831 2882 ,s
862 2793 1115 2896 cacbephaton
1148 2789 1244 2888 (a),
1285 2793 1498 2875 associantes
1531 2790 1713 2884 muscos,
1744 2795 1784 2872 dc
1815 2793 1929 2875 veluti
1957 2798 2136 2898 panthera

307 2926 313 2973 ³-
397 2927 599 3007 eromunt3
617 2911 959 3010 organizantesque
976 2930 1040 3006 per
1062 2903 1244 3006 antiphra·
1285 2909 1377 2986 boni
1394 2905 1519 2986 odoris
1535 2908 1673 3008 quavis
1689 2904 1929 3008 insequuntur
1943 2911 2132 2990 animalia:

307 3033 315 3122 j
397 3023 451 3104 lin
482 3025 621 3105 faciunt
650 3025 688 3099 in
705 3017 842 3106 mufica
871 3018 1085 3118 regulariter
1113 3016 1246 3095 barba·
1286 3034 1330 3099 ut
1348 3020 1489 3121 apisob
1503 3017 1695 3099 dulcorem
1711 3019 1830 3098 mellis
1846 3038 2077 3121 argumentur
2093 3027 2132 3103 in

309 3172 313 3205 τ
397 3137 569 3226 risurum,
599 3148 707 3237 atque
724 3130 917 3210 execrabili
936 3127 1004 3208 suae
1022 3127 1246 3230 praesumtio-
1287 3131 1445 3209 studium
1465 3128 1676 3233 propofitos
1693 3129 1884 3211 studiosius
1907 3132 2135 3238 prosequun-

307 3261 314 3348 ,ζ
397 3252 454 3329 nis
473 3246 560 3327 salso
577 3247 699 3330 meari
720 3245 909 3345 putamine
925 3239 1055 3341 seipsos
1082 3243 1120 3317 in
1138 3237 1174 3316 se
1195 3241 1246 3317 ia·
1286 3257 1347 3321 tur
1365 3241 1499 3329 flores,
1532 3242 1781 3343 &spicarium
1799 3241 2023 3325 musicalium
2043 3245 2136 3326 mes·

400 3361 526 3443 tritam
539 3372 705 3438 cantores
720 3350 820 3456 posse
832 3353 1066 3454 postponere,
1081 3351 1140 3429 seu
1154 3373 1246 3453 prae-
1287 3351 1330 3431 lis
1347 3352 1554 3455 manipulos
1575 3352 1819 3455 colligentes.
1849 3378 1946 3459 quos
1970 3354 2130 3461 possunt,

318 3485 322 3491 ’
397 3474 452 3553 ire
482 3474 714 3573 praecipuos,
751 3463 922 3567 ipsosque
955 3465 994 3541 in
1028 3464 1114 3541 tuba
1146 3459 1245 3565 quasi
1290 3480 1330 3545 ut
1349 3467 1388 3542 iu
1417 3460 1596 3567 plerisque
1625 3488 1712 3546 cum
1740 3469 1952 3548 cantoribus
1992 3473 2131 3571 gneius

307 3635 315 3663 -,
398 3586 585 3684 corrigere
604 3578 661 3658 vel
677 3577 834 3677 dirigere
852 3576 887 3654 se
902 3573 1134 3678 impudenter
1152 3572 1245 3652 offe·
1286 3576 1482 3675 garriendo
1506 3576 1761 3667 concordent,
1792 3578 1832 3657 de
1846 3578 2071 3682 frequentius
2087 3607 2131 3663 n·

400 3708 510 3783 runt,
536 3707 578 3774 ut
593 3689 691 3795 apud
711 3689 880 3767 homines
899 3682 1025 3766 mufici
1040 3685 1242 3775 videantur.
1286 3686 1426 3768 litando
1443 3691 1482 3766 in
1502 3689 1625 3783 multis
1644 3688 1870 3770 musicalibus
1886 3691 2130 3794 quodammd·

307 3821 315 3900 ξ
399 3810 462 3911 qui
480 3816 706 3886 nectantum
728 3797 921 3879 demubea
941 3797 1099 3899 sapiunt,
1117 3813 1158 3876 ut
1178 3795 1247 3876 du·
1287 3799 1339 3879 do
1362 3799 1621 3890 habilitentur,
1663 3802 1700 3879 dr
1737 3800 1937 3882 reddantur
1973 3810 2129 3907 experti,

312 3908 315 4014 ζ’
400 3932 552 4006 cantur,
583 3915 723 4014 semper
750 3935 834 3991 cum
866 3909 1151 3989 consonantibus
1191 3912 1246 3987 ni·
1288 3925 1331 3993 ut
1347 3912 1544 4014 quodartis
1568 3915 1605 3991 in
1627 3914 1677 3990 eis
1702 3911 1841 4003 deficit,
1857 3913 1940 3993 usus
1956 3914 2127 4018 suppleat.

307 4046 313 4073 ²
401 4029 603 4109 bilominus
620 4022 861 4113 dissonantes.
893 4019 1156 4101 &scholastico
1174 4020 1246 4101 foe·
1291 4024 1518 4103 &industria
1537 4024 1717 4104 naturalis.
1770 4022 1826 4104 Ex
1843 4026 2129 4109 istisnnnuullcr

308 4134 314 4245 f
402 4143 528 4221 dantes
552 4142 642 4218 vitio
662 4139 701 4213 in
720 4133 876 4215 scholare
890 4130 1112 4213 mulleorum
1141 4135 1245 4213 turba
1288 4136 1454 4216 ridemus
1485 4135 1666 4226 clericos,
1696 4138 1830 4239 quiin
1861 4142 2042 4239 organicis
2074 4142 2129 4220 in·

307 4285 314 4336 ;
401 4251 582 4355 quidquid
600 4248 786 4349 profertur
809 4245 1035 4346 regularior,
1058 4245 1247 4327 adeocan-
1290 4246 1498 4327 strumentis
1526 4244 1763 4328 difficillimos
1782 4246 1967 4330 musicales
1997 4252 2137 4333 modu-

307 4364 313 4406 ἵ
402 4364 545 4445 toribus
568 4357 868 4440 intolerabiles&
893 4359 1042 4446 nocivi,
1070 4357 1246 4459 quemad·
1285 4358 1361 4447 los,
1392 4382 1487 4461 qnos
1503 4361 1707 4461 exprimere
1726 4361 1788 4439 rix
1805 4362 2036 4464 presumeret
2052 4386 2146 4443 vox.

307 4509 310 4542 1
400 4474 555 4556 modurn
587 4475 744 4574 primam
767 4468 923 4570 segetem
961 4470 1104 4548 zizania
1134 4468 1244 4550 soffo-
1286 4471 1467 4559 humana,
1497 4471 1737 4551 adinveniunt
1765 4488 1875 4578 atque
1895 4475 2045 4556 tradunt
2064 4499 2130 4580 per

307 4605 313 4694 ξ
399 4602 459 4667 cat
481 4583 715 4665 succrescens.
746 4579 895 4677 Quibus
918 4602 985 4663 nec
1003 4582 1147 4684 imponi
1176 4604 1245 4684 pn·
1287 4581 1540 4663 miraculosum
1574 4584 1760 4687 quoddam
1789 4587 1920 4666 innarae
1949 4590 1987 4665 iu
2004 4589 2055 4668 eis
2072 4589 2130 4667 in·

307 4783 312 4794 p,
400 4699 469 4779 test
487 4695 690 4783 silentium,
715 4693 817 4798 quod
835 4716 911 4769 nou
931 4694 1051 4772 minue
1079 4692 1246 4772 censetur
1287 4696 1440 4774 ventirae
1460 4693 1601 4774 muliere
1617 4696 1855 4800 prodigium:
1889 4696 2048 4802 reliquos
2066 4724 2154 4781 ιιι--

310 4871 315 4882 ι
400 4808 572 4890 uitiosum
598 4811 635 4885 in
664 4804 772 4907 ipsis,
819 4827 945 4884 rerum
977 4806 1245 4885 contumaciter
1285 4820 1386 4896 tem,
1416 4808 1481 4911 qui
1514 4829 1596 4912 que
1619 4804 1786 4911 lic‘gesta
1805 4807 1888 4889 sunt
1916 4811 1955 4889 dc
1986 4812 2153 4905 tradita.-

1982 4946 2073 5025 ΡΝ·

2276 4647 2278 4711 l
