4750 6025
421 539 538 660 320
1019 533 1279 628 tornius
1326 543 1544 634 aucun

415 724 542 826 bigere
558 723 742 806 neminem
758 721 937 826 arbitror,
960 719 1101 806 nutcae
1127 723 1271 806 modu·'
1358 725 1456 827 Quia
1479 730 1594 833 igitur
1621 721 1764 814 mufice
1797 731 1968 818 utilitatea
2002 725 2048 817 ad
2068 733 2144 838 ple·

416 837 554 918 latione
582 837 740 918 diuersos
777 832 871 916 affici
896 835 1164 930 diverflnode,
1195 835 1259 917 nisi
1301 863 1393 920 num
1423 840 1541 922 valeat
1567 841 1809 946 depromere.
1838 867 1918 950 que
1951 861 2144 928 tantorum

415 949 516 1029 sorte
531 973 643 1041 eum.
674 951 741 1053 qui
768 950 1000 1054 experientiae
1029 973 1150 1030 rerum
1186 973 1261 1028 ma·
1299 951 1497 1049 effetiwm
1523 955 1776 1056 magnitudine
1801 956 1991 1060 magnilica
2016 957 2151 1063 prndi-

416 1064 534 1164 giilrae
563 1060 779 1163 discipulum
808 1059 907 1164 quas
934 1059 1061 1142 surdus
1090 1061 1125 1142 se
1153 1084 1263 1142 num·
1303 1079 1429 1146 catur:
1458 1089 1541 1168 qnae
1563 1069 1671 1146 etiam
1694 1068 1813 1148 besliia
1836 1063 1917 1174 iplle
1936 1070 2146 1150 naturaliter

417 1198 527 1277 quam
544 1175 706 1275 agnovit.
747 1171 845 1269 Quia
862 1176 961 1253 enirn
977 1174 1140 1264 nesciat,
1172 1174 1261 1253 buc·
1302 1176 1417 1258 indita
1447 1178 1716 1279 cognoscitur?
1742 1177 1843 1261 Hinc
1874 1180 2070 1285 philomela·
2103 1179 2147 1259 li-

418 1291 507 1365 cinae
526 1285 646 1366 sonitu
669 1285 804 1364 nedum
834 1285 1029 1377 militaret,
1062 1283 1122 1367 led
1142 1285 1181 1364 δι
1197 1309 1263 1365 eo·
1303 1291 1435 1370 tientee
1456 1289 1651 1372 hominum
1674 1315 1777 1373 autea
1797 1292 1940 1374 mellito
1961 1296 2061 1374 rocla
2076 1292 2149 1375 suc

417 1421 527 1486 rum.
557 1396 691 1502 quibus
719 1393 904 1490 insident,
948 1421 1068 1502 equor
1101 1403 1192 1479 mira
1221 1399 1260 1478 in
1302 1400 1444 1506 poculo
1468 1415 1596 1505 potare
1622 1401 1827 1484 contendit
1883 1393 1984 1486 ilinc
2005 1429 2148 1509 cygoua

416 1508 556 1590 balicia
573 1509 719 1590 audacia
734 1505 894 1600 firmari,
924 1526 1034 1615 atque
1058 1510 1105 1591 ad
1130 1533 1264 1613 aggre·
1303 1538 1408 1595 aurea
1453 1513 1532 1606 suaa
1560 1513 1739 1595 lamentet
1781 1515 1938 1598 satumre
1981 1519 2146 1621 cupient.

417 1621 618 1713 diendom,
649 1619 933 1726 candidumque
949 1619 1155 1706 iaciendum
1185 1624 1264 1701 ani·
1304 1629 1465 1730 gutturis
1482 1625 1535 1706 sui
1553 1626 1625 1708 olla
1642 1625 1818 1731 sonorum
1841 1631 1945 1709 cibor
1962 1629 2149 1734 decoque·

418 1735 533 1824 mari,
564 1751 604 1814 ut
624 1757 687 1814 eoa
705 1733 750 1813 ad
767 1733 940 1814 terribilia
955 1735 1014 1815 isla
1033 1735 1165 1816 musica
1180 1733 1264 1814 alle·
1305 1763 1345 1817 re
1361 1762 1441 1820 non
1468 1735 1602 1828 cessat.
1633 1737 1698 1818 nih
1730 1743 1831 1842 priua
1855 1746 2064 1822 extremum
2094 1743 2148 1821 ri·

417 1845 495 1927 sios
509 1845 703 1927 dulcedine
724 1869 802 1925 non
829 1862 901 1926 tam
919 1847 1057 1927 arbitrii
1083 1848 1262 1939 libertate,
1303 1849 1432 1932 deutur
1451 1851 1615 1953 spiritum
1638 1848 1822 1932 exhalasse.

417 1983 527 2066 quam
552 1959 705 2041 naturali
725 1958 880 2063 quadam
897 1957 1099 2042 necessitate
1127 1961 1260 2040 truslot
1362 1962 1494 2044 Cernia
1515 1965 1652 2064 igitur,
1681 1987 1708 2042 o
1729 1963 1830 2042 Abba
1852 1963 1975 2069 pater!
2004 1969 2043 2047 ln
2069 1965 2148 2045 eiua

414 2074 568 2155 mireris.
616 2069 697 2154 Hac
721 2069 884 2176 denique
911 2069 1068 2154 musicali
1096 2071 1264 2153 modula·
1304 2073 1471 2155 laudibus
1504 2098 1564 2153 me
1594 2069 1780 2164 defecili'e,
1820 2098 1901 2178 quat
1936 2092 2180 2158 naturarum.

402 2191 520 2266 ‘tione
536 2186 700 2266 conviva
717 2186 806 2264 mira
838 2183 1050 2266 reficiuntur
1080 2184 1262 2276 suauitate,
1305 2200 1379 2267 tam
1403 2185 1590 2277 humanae.
1614 2209 1722 2289 quarn
1748 2186 1898 2268 bestialia
1921 2190 2151 2296 pradicatio-

416 2313 460 2380 ut
475 2319 759 2402 nonnumquam
782 2321 913 2378 eorum
950 2296 1120 2378 nonnulii
1154 2298 1264 2376 etiam
1305 2323 1354 2380 ne
1383 2301 1535 2378 minime
1564 2312 1760 2388 contenta,
1790 2301 1908 2380 coeloe
1941 2301 2149 2390 ascendent,

416 2411 674 2493 obliviscantur
702 2409 830 2499 dum.
862 2410 902 2488 ἀ
920 2425 1107 2514 tamquam
1140 2407 1204 2489 silo
1220 2407 1262 2503 (f.
1305 2409 1370 2492 eo'a
1395 2409 1461 2491 libi
1486 2409 1666 2492 censuales
1693 2407 1827 2502 efficta,
1858 2415 1912 2494 uti
1941 2415 1988 2494 ab
2012 2412 2152 2492 eisdem

413 2522 575 2630 philtro)
586 2525 683 2627 capti
699 2579 712 2612 ,
726 2521 969 2626 -quandoque
988 2522 1122 2626 seipsor
1153 2520 1265 2600 nesci·
1306 2522 1441 2604 tributa
1465 2523 1630 2627 quedam
1654 2522 1786 2602 divine
1813 2522 2008 2605 Maiestatis
2026 2524 2153 2605 ansio-

414 2651 532 2730 entea,
557 2637 657 2718 velut
672 2633 790 2716 catelli
807 2633 934 2715 ludere
951 2633 1145 2738 assurgant
1165 2632 1266 2716 Beue
1305 2639 1411 2716 ritate
1430 2635 1616 2739 exigendo
1633 2633 1815 2738 postulare
1833 2636 2041 2739 prasumat,
2062 2659 2153 2716 cum

413 2752 529 2850 igitur
547 2749 592 2830 de
613 2771 653 2829 ea
668 2745 880 2828 Aristotelea
898 2751 959 2843 (8.
978 2745 1082 2828 Polit
1102 2771 1133 2827 c
1153 2743 1268 2842 4)1c·
1305 2771 1439 2832 eorum
1457 2761 1581 2827 mutua
1598 2744 1778 2826 musicalia
1800 2747 1995 2852 discipline
2013 2751 2151 2852 rigore,

414 2863 597 2942 nuntiavit
616 2862 654 2940 in
674 2859 859 2962 politicis,
889 2859 994 2963 quod
1022 2857 1095 2962 ipsa
1121 2871 1266 2941 natura·
1306 2860 1456 2941 testante
1477 2859 1575 2964 apud
1604 2857 1826 2940 Ciceronem
1851 2859 2047 2963 Scipione,
2074 2857 2155 2958 (De

412 2973 497 3054 liter
517 2971 734 3054 delectabilis
753 2969 795 3053 sit
817 2973 924 3052 omni
943 2973 1058 3063 aetati,
1080 2973 1121 3051 da
1142 2973 1266 3053 omni·
1307 2973 1498 3055 beatorum
1523 2967 1682 3063 mulina)
1709 2973 1799 3053 mim
1824 2969 2019 3053 dulcedine
2047 2981 2154 3053 cotr-

414 3089 484 3167 bua
508 3087 683 3166 motibus.
1307 3099 1399 3167 cent.
1438 3082 1564 3165 Taceo
1577 3105 1705 3195 unum
1729 3086 1805 3166 eiua
1830 3086 2064 3187 privilegium
2088 3109 2153 3164 err·

473 3196 568 3279 Sunt
584 3198 719 3287 etiam,
750 3198 813 3299 qui
842 3195 1109 3277 modulationis
1144 3194 1267 3277 melo·
1306 3194 1629 3285 cellentillimum,
1659 3219 1736 3299 quo
1772 3189 1905 3276 seilicet
1938 3196 2011 3301 ipse
2047 3197 2153 3276 omni

415 3312 474 3391 dia
506 3316 642 3390 timore
680 3309 971 3406 concutiantur;
1019 3306 1068 3388 lic
1097 3310 1197 3387 enim
1226 3309 1263 3387 in
1306 3307 1492 3413 corporali
1508 3321 1677 3389 creatura
1693 3308 1790 3386 miro
1805 3304 2055 3411 supervehitur
2070 3332 2153 3387 mo·

414 3420 551 3504 Exodo
567 3420 725 3522 legimus
742 3417 876 3517 (Exod
893 3442 923 3498 c.
945 3416 1263 3512 19.)-silioalsrael,
1307 3420 1383 3510 do.
1413 3418 1526 3522 usque
1550 3417 1645 3498 adeo
1669 3417 1856 3509 videlicet,
1885 3434 1927 3502 ut
1946 3423 1986 3500 in
2011 3418 2153 3500 coelesti

415 3558 502 3616 cum
520 3532 580 3611 lex
597 3532 764 3619 daretur,
797 3530 971 3631 clangore
992 3532 1157 3611 buccinae
1184 3552 1265 3609 nnn
1305 3532 1421 3634 patria
1452 3530 1696 3637 supernorum
1727 3532 1862 3611 ciuium
1890 3546 2040 3634 guttura
2072 3534 2151 3611 eiua

415 3646 568 3725 modico
597 3641 761 3747 perfusos
792 3656 944 3723 terrore.
1006 3640 1084 3745 lpse
1111 3663 1267 3745 quoque
1305 3642 1501 3723 credantur
1531 3640 1673 3721 notiore
1705 3644 1897 3732 inebriari,
1927 3648 2033 3744 regio
2064 3645 2153 3722 reite

417 3756 575 3840 Gedeon
600 3758 708 3836 huius
725 3755 901 3856 clangore
934 3752 1156 3833 adversarios
1181 3753 1264 3833 suos
1306 3752 1507 3857 propheta.
1537 3754 1600 3858 qui
1620 3752 1708 3833 dicit
1724 3752 1842 3852 (Psal.
1874 3751 1986 3851 ¹49·)
2010 3755 2152 3835 exulta-

415 3874 454 3951 in
480 3870 577 3950 libro
610 3867 775 3949 suricum
803 3865 933 3963 (lodic
961 3888 992 3945 c.
1007 3862 1088 3960 17.)
1113 3862 1265 3946 affecisse
1305 3869 1424 3946 tiones
1446 3863 1518 3947 Dei
1541 3870 1579 3944 in
1604 3867 1755 3966 gutture
1779 3889 1921 3974 eorum.

414 3987 554 4067 timore
572 3982 805 4085 permaximo
826 3992 1150 4077 commemoratur.
1170 3976 1266 4057 Sunt
1362 3974 1451 4075 Qua
1469 3980 1509 4059 in
1529 4002 1570 4058 re
1583 3977 1808 4083 pensandum
1828 3978 1899 4068 eil.
1925 3992 2061 4081 quanta
2080 4002 2154 4060 no·

415 4100 524 4178 etiam
563 4090 760 4180 nonnulli,
810 4092 874 4195 qui
904 4090 1141 4193 exequiarum
1171 4102 1265 4170 tem-
1304 4092 1360 4173 bia
1380 4088 1625 4171 sollicitudine
1640 4090 1682 4171 sit
1698 4084 1963 4191 ampletienda.
1994 4114 2077 4195 quar
2092 4107 2155 4172 tot

376 4242 381 4251 ·
415 4233 507 4315 pore
535 4206 707 4287 tibiarum
724 4199 852 4283 officio
879 4200 1055 4304 lugubres
1083 4219 1265 4304 generent
1305 4202 1584 4306 privilegiorum
1599 4200 2151 4285 doniaseieotiia'humaniaaliia

414 4323 579 4409 sonitui.
611 4318 744 4421 quibus
760 4315 1071 4396 circumstantium
1097 4312 1266 4395 multitu·
1305 4316 1466 4394 cernitur
1491 4312 1657 4395 antelata.
1700 4309 1791 4393 Hac
1815 4316 1914 4392 enim
1949 4337 1997 4393 ex
2026 4312 2154 4395 labore

413 4434 466 4517 do
483 4434 561 4538 pias
586 4430 632 4509 ad
654 4427 830 4530 lacrymae
852 4426 923 4505 visa
946 4428 997 4505 est
1023 4426 1148 4529 saepius
1176 4448 1265 4528 pro-
1305 4424 1481 4505 tristitiam
1505 4423 1623 4515 tollit,
1663 4439 1705 4505 ut
1735 4423 1982 4527 Philosophus
2016 4427 2151 4531 inquit.

412 4547 548 4629 vocari.
578 4538 677 4623 Bene
697 4542 809 4641 igitur
832 4537 1003 4628 landast.
1035 4541 1099 4642 qui
1122 4550 1181 4619 tot
1196 4537 1265 4619 ho·
1304 4542 1359 4636 (8.
1380 4534 1485 4619 Polie
1509 4560 1542 4618 c.
1566 4533 1843 4637 15.)malignoa
1867 4536 1972 4638 sugat
1993 4534 2152 4641 spiritua,

412 4662 532 4740 minen
550 4656 743 4736 harmonia
768 4648 928 4732 musicali
946 4652 1102 4731 totidem
1140 4650 1263 4731 modia
1305 4652 1482 4753 qnoniam
1511 4644 1731 4751 Regnorum
1749 4648 1899 4729 historia
1919 4648 2070 4749 testante
2094 4654 2149 4749 (r.

249 4837 255 4849 .
410 4768 505 4855 affici
526 4768 722 4873 spectabat,
747 4762 994 4863 Philosophus
1014 4760 1168 4855 scilicet,
1199 4762 1264 4865 qui
1306 4756 1398 4864 Reg.
1427 4758 1507 4852 16.)
1531 4757 1651 4841 David
1676 4762 1713 4839 in
1738 4758 1874 4840 cithara
1898 4774 2053 4843 canente
2074 4786 2153 4843 ma-

411 4886 505 4967 dixit
516 4884 572 4981 (8.
590 4879 699 4962 Polit.
722 4872 819 4968 co.)
835 4874 937 4979 quod
955 4874 1113 4955 melodia
1136 4873 1263 4955 secun-
1304 4873 1363 4957 loa
1388 4899 1410 4955 a
1432 4872 1539 4954 Saule
1562 4872 1704 4973 spiritua
1729 4869 1929 4955 recedebat
1973 4869 2064 4955 Hec
2085 4874 2151 4987 εἷς,

409 4999 500 5083 dum
538 4989 699 5072 diversos
732 4986 875 5070 musica
910 5002 1022 5070 tonos
1046 4986 1188 5069 inducit
1215 4981 1263 5069 ad
1306 5009 1388 5093 que
1410 4983 1608 5069 secuudum
1633 4985 1792 5067 animam
1812 4982 2066 5092 raptum'saeit
2081 4984 2153 5069 ho·-

407 5108 568 5194 dirersou
602 5126 734 5183 morer.
1854 5123 1857 5129 ·
2024 5104 2095 5180 mi.
