4750 6025
556 615 558 618 ’
731 573 1163 732 murmurans
1211 639 1515 744 sacunnn.
1755 565 1758 569 y
1871 649 1987 780 351

92 791 93 834 ι
236 822 435 922 sedentur,
464 828 641 935 quicum
670 821 861 930 problema
887 853 907 908 a
935 827 1089 932 piscato·
1137 821 1297 916 boleno,
1317 827 1361 909 'ac
1381 830 1526 933 epinete
1547 825 1882 933 dlahyperbolehn,
1905 835 1990 917 iux.

199 997 200 1000 a
236 943 337 1022 ribus
361 942 423 1022 libi
443 940 672 1046 propositum
695 940 830 1036 solvere
855 963 934 1020 non
954 940 1084 1044 posset,
1137 952 1172 1018 ta
1201 942 1467 1043 precedentem
1497 963 1651 1022 manere
1672 944 1842 1026 sormam.
1889 944 1989 1029 Ulti-

235 1045 414 1156 seipsurh,
447 1067 489 1136 ut
510 1055 649 1144 sertus,
676 1056 715 1133 in
739 1075 844 1135 mare·
864 1057 1084 1158 praecipitem
1137 1074 1234 1131 mam
1256 1075 1368 1144 vero,
1391 1053 1571 1135 videlicet
1585 1052 1652 1153 {ln
1669 1059 1847 1150 orexion,
1867 1060 1906 1145 id
1922 1061 1986 1152 est,
2094 1119 2097 1125 ·

234 1164 344 1246 dedit·
391 1165 544 1249 Discunt
571 1189 672 1266 ergo
711 1167 794 1270 plus
827 1189 995 1270 ,quarere
1014 1191 1087 1246 war·
1138 1161 1370 1246 novilhmnm
1405 1169 1445 1245 in
1477 1189 1587 1249 manu
1620 1168 1752 1251 sonum
1784 1171 1984 1276 appellare:

234 1291 332 1368 tem,
362 1304 489 1384 quarnv
516 1278 579 1358 fibi
615 1277 695 1382 ipss
734 1278 901 1370 credere,
932 1303 975 1360 ac
1003 1299 1085 1360 mu·
1135 1272 1448 1380 superadditiones
1466 1296 1588 1360 autem
1608 1279 1878 1378 modernorum
1897 1309 1984 1366 cum

231 1388 311 1469 ficis
333 1394 515 1475 vocalibus
537 1395 579 1473 da
593 1390 743 1474 chordis
763 1391 846 1495 plus
865 1393 950 1482 uti,¹
971 1415 1082 1496 quarn
1135 1392 1350 1472 nominibus
1368 1394 1698 1484 careantadunum
1718 1395 2000 1500 inhypnthell,

232 1503 369 1588 alienis,
1134 1503 1172 1582 id
1207 1505 1280 1616 est,
1309 1503 1558 1608 suppositione
1590 1501 1983 1612 hyperaxiapatbones,

286 1669 416 1757 Posuit
440 1671 540 1767 enim
566 1664 714 1755 Boetius
743 1663 897 1746 chordae
927 1665 1083 1770 quinde-
1133 1615 1172 1696 id
1199 1618 1547 1775 ffiflgmfffimufn
1565 1619 1634 1724 ἐἰ
1659 1621 1834 1704 ultimum
1851 1623 1985 1757 [οι-Ψ

230 1784 326 1876 cina,
356 1786 490 1890 quibus
517 1779 644 1870 Graeca
667 1779 798 1860 indidit
829 1781 979 1860 nomina
1005 1779 1084 1860 sor·
1133 1753 1290 1827 '⁰⁰⁸⁸’
1320 1730 1484 1812 ΜΨ
1507 1756 1547 1813 ¹¹¹
1573 1731 1914 1837 hypefb⁰¹⁸⁰ffl⁶ss⁹
1944 1737 1984 1817 ’ἀ

583 1885 587 1896 ·
812 1895 820 1911 .
1133 1843 1205 1935 eil,
1237 1844 1538 1947 superexcellenti
1565 1843 1870 1951 suprapositiones
1900 1873 1987 1928 om·

231 1910 271 1982 ω
291 1921 309 1976 ³
333 1895 540 2000 Pythagm
559 1893 694 1983 sumta'
717 1905 758 1974 ut
784 1891 921 1972 Mum
944 1891 1083 1998 est’&
1130 1981 1197 2038 nes
1239 1955 1383 2038 insimul
1426 1957 1790 2060 origneoboleones,
1836 1961 1875 2040 id
1919 1964 1982 2053 eli,
2028 2033 2032 2040 .

231 2007 384 2112 sequens
408 2011 565 2090 declarat
586 2007 713 2109 ligura.
743 2005 955 2108 Simplicem
982 2005 1082 2084 enirn

232 2125 356 2223 primo
379 2121 481 2201 suilse
504 2119 676 2200 musac-am
699 2117 950 2200 Nicomachus
974 2117 1085 2197 refert

235 2249 399 2336 quatuor
419 2237 537 2322 nervia
554 2235 800 2324 constantem,
820 2231 922 2335 quod
939 2231 976 2307 de
992 2253 1085 2332 pra·

232 2345 326 2429 utus
348 2345 499 2428 Rottius
522 2345 547 2426 Ι.
573 2345 715 2428 nuhaa
740 2369 818 2448 cap.
848 2361 883 2424 2.
908 2341 1083 2446 usquead
1444 2346 1586 2431 carue
1614 2346 1669 2429 X
1822 2351 1852 2420 ᾗ

233 2452 430 2561 Orpheum
460 2458 605 2550 ‘duraffe
636 2455 734 2540 tsrcit
783 2453 1082 2564 Tetrachordum
1184 2457 1242 2542 Ex
1256 2483 1435 2564 quovero
1452 2459 1499 2540 de
1515 2461 1637 2541 modis
1651 2459 1802 2544 chordis
1821 2459 1989 2560 (s.chor-‘

1127 2070 1235 2176 supra
1265 2073 1431 2153 nltimam
1472 2073 1640 2153 sonantes
1675 2075 1835 2153 vocitare
1867 2073 1982 2166 volui,

1127 2197 1171 2265 ut
1197 2183 1317 2290 ligura
1342 2185 1495 2292 sequens
1520 2186 1670 2267 indicat.
1715 2183 1789 2266 nid.
1806 2184 1980 2304 Fronte,

233 2585 310 2650 erat
348 2595 377 2653 a.
406 2569 596 2654 Mercurio
634 2576 823 2651 inventum
851 2593 898 2649 ex
930 2570 1085 2650 cochlea
1129 2571 1284 2665 darum)
1308 2572 1369 2654 seu
1394 2584 1570 2675 neptunus
1596 2571 1818 2674 &tapam
1842 2573 1981 2654 ditium

231 2683 371 2784 putridi
412 2684 528 2785 piscis.
578 2684 759 2790 Quintam
789 2681 964 2772 Corebua,
994 2683 1085 2785 Atys
1129 2685 1203 2776 eli,
1230 2685 1321 2792 scire
1340 2683 1460 2763 modo
1477 2688 1654 2765 convenit
1673 2708 1722 2765 ear
1745 2685 1866 2765 modis
1890 2709 1982 2766 con·

231 2793 326 2875 lilius
365 2797 555 2888 adiunxit,
587 2798 734 2898 sertam·
761 2791 928 2899 Hyagnis
970 2793 1085 2898 Phry·
1129 2798 1311 2880 sonantius
1331 2795 1438 2877 hmul
1458 2798 1495 2876 de
1515 2792 1771 2893 dissonantiam
1800 2822 1886 2879 narn
1902 2813 1982 2879 tota

231 2909 340 3010 gius,
361 2911 548 3016 septimam
562 2909 778 3015 Terpander
794 2907 968 2998 Lesbius,
986 2907 1084 2989 osla-
1130 2901 1265 2991 muhca
1293 2908 1522 3015 symphonia
1538 2912 1642 2992 causa
1669 2909 1817 2991 discitur
1847 2911 1886 2989 de
1900 2909 1982 3002 har·

233 3046 318 3104 ram
337 3022 477 3106 Licaou
499 3024 660 3115 Samius,
685 3046 824 3103 nonam
845 3021 1083 3125 Prophrallus
1129 3027 1276 3105 monia.

231 3133 409 3228 Periotes,
438 3138 615 3217 decimam
626 3134 794 3249 Histiaeus
803 3124 1083 3237 Colophonius,
1164 3135 1306 3237 ¹Igitur
1325 3136 1647 3246 consonantiarum
1664 3132 1886 3239 aliquaesunt
1898 3159 1981 3239 per·

232 3245 458 3330 Timotheus
471 3242 632 3330 Milesrua
647 3245 1084 3349 undecimam.(a)Guido
1130 3247 1252 3341 seila,
1284 3249 1417 3329 scilicet
1439 3246 1619 3330 unisonus
1640 3250 1768 3328 eadem
1786 3272 1889 3339 vox,
1905 3247 1981 3354 dia·¹

233 3378 357 3443 auteur
386 3360 631 3464 superaddidit
660 3380 772 3442 unam
796 3382 946 3463 gravent
975 3362 1013 3439 de
1029 3359 1086 3467 su-
1129 3376 1242 3463 pente
1261 3354 1412 3466 quinta,
1443 3362 1614 3465 diapason
1633 3361 1778 3448 onan,
1810 3384 1895 3469 cum
1922 3384 1981 3449 ea-

231 3473 477 3578 percellentes
495 3486 678 3578 quatuorz·
704 3473 842 3577 deinde
870 3472 1083 3555 modernio-
1127 3499 1213 3579 rum
1234 3476 1452 3577 aquitonis,
1483 3475 1631 3563 ottavo,
1663 3472 1908 3564 duodecima,
1940 3474 1981 3552 dc

232 3610 291 3668 res
323 3602 434 3666 metas
462 3583 673 3690 supergredi
687 3584 764 3667 ‘sub
791 3588 828 3668 de
860 3587 964 3695 supra
992 3584 1082 3691 qnid
1127 3586 1365 3693 bisdiapason.
1396 3585 1486 3674 Atia
1507 3584 1748 3691 imperfettae,
1769 3598 1812 3667 ut
1829 3584 1979 3665 ditonus

232 3698 466 3789 addiderint,
497 3698 709 3800 praetactum
741 3702 822 3780 est,
849 3699 948 3782 Cum
982 3703 1081 3781 enim
1124 3714 1192 3780 aut
1206 3699 1467 3808 semiditonus,
1500 3703 1566 3802 qui
1593 3700 1643 3777 eli
1664 3702 1787 3786 tertia,
1817 3699 1908 3777 item
1921 3712 1981 3776 to-

234 3812 362 3893 Gnido
388 3834 473 3891 cum
494 3812 703 3915 sequacibus
731 3809 913 3893 adiundlaa
933 3808 1083 3893 uvelfo·
1126 3836 1198 3893 nun
1214 3811 1527 3919 antsemitoniuna
1542 3835 1628 3894 cum
1647 3811 1839 3911 diapente,
1867 3809 1977 3898 sexu,

234 3938 437 4043 peradditaa
459 3955 569 4012 voces
584 3930 832 4025 innominatus
856 3928 1082 4030 reliquerints
1127 3948 1215 4005 cum
1245 3949 1370 4026 aarum
1394 3925 1590 4030 aquilonis
1626 3923 1767 4002 decima
1796 3926 1835 4000 dt
1861 3922 1981 4000 trede-

234 4052 338 4133 volui
357 4052 457 4154 prius
473 4042 641 4149 supplere
663 4038 898 4133 Gnidonem,
919 4043 958 4121 dt
974 4040 1086 4122 chor·
1126 4041 1233 4120 eima.
1264 4037 1563 4141 Reliquaeautem
1577 4034 1640 4116 etsi
1656 4036 1693 4112 in
1708 4032 1892 4113 inlinitum
1902 4056 1980 4114 me·

235 4164 319 4245 dam
347 4168 384 4243 in
416 4160 589 4263 gravibus
615 4158 839 4250 adiuntlam,
861 4153 1031 4236 videlicet
1050 4178 1087 4238 r.
1127 4152 1191 4233 tiri
1221 4152 1426 4243 haberent,
1472 4149 1602 4231 harum
1642 4161 1766 4229 umen
1794 4148 1979 4231 reiteratio

235 4287 279 4357 ut
315 4274 612 4381 hyponomenon
650 4294 804 4363 vocare,
836 4268 971 4356 idest,
1003 4290 1087 4369 gra·
1130 4264 1225 4347 sunt.

234 4412 319 4471 vem
354 4388 511 4476 sonum,
541 4386 627 4487 quia
656 4387 695 4462 in
722 4406 834 4489 manu
861 4377 1087 4481 gravilismus
1148 4462 1150 4467 ,
1190 4376 1375 4459 Caeterum
1390 4374 1540 4480 quidam
1558 4370 1771 4453 diatessaron
1784 4368 2009 4473 perseslarnl

234 4504 306 4583 est:
340 4502 377 4580 de
420 4511 580 4602 quatuor
618 4494 966 4600 supercellentibus,
999 4491 1091 4572 scili«
1132 4491 1215 4570 sore
1233 4490 1364 4571 dicunt
1379 4487 1669 4598 consonantiam,
1680 4483 1828 4586 quidam
1845 4488 1979 4584 imper-

234 4632 295 4699 cet
316 4614 350 4695 h.
372 4634 400 4690 r.
421 4611 455 4689 d.
476 4632 504 4688 a.
527 4608 741 4708 geminatis,
773 4612 894 4711 primo
912 4604 944 4684 b.
966 4605 1091 4709 epitri·
1133 4604 1289 4700 setiam3
1322 4626 1392 4680 nos
1408 4624 1498 4681 vero
1526 4622 1606 4679 eam
1637 4593 1978 4676 senndiffonantianr

233 4747 273 4813 te
303 4728 639 4834 diahyperboleon,
671 4721 828 4809 idest,
864 4716 1093 4822 superexcel·
1135 4713 1206 4820 else
1230 4715 1409 4803 dicimus,
1440 4712 1478 4791 id
1513 4712 1585 4803 est,
1615 4734 1703 4789 cnm
1725 4708 1825 4787 nulla
1851 4731 1916 4808 per
1944 4704 1980 4785 se

233 4844 333 4936 lena,
379 4846 464 4923 trite
504 4838 760 4943 hyperboleon
808 4834 950 4913 duabus
989 4831 1092 4911 roci·
1133 4829 1245 4910 solam
1261 4825 1561 4938 concordantem.
1620 4820 1750 4926 Quam.
1773 4822 1881 4899 etiam
1903 4816 1981 4917 (lo-

234 4959 327 5047 bus,
352 4956 614 5063 sequentesque
640 4952 874 5053 epiparanate
900 4944 1093 5049 diahyperq
1134 4939 1289 5033 hannm)
1307 4939 1354 5020 de
1376 4937 1496 5018 Muris
1518 4932 1793 5015 consonantiam
1815 4932 1896 5010 sore
1919 4954 1983 5009 ne-

1202 5140 1206 5150 .
1513 5148 1517 5152 ,
1850 5058 1925 5142 8²³⁹

233 5186 783 5223 ’,μ-*Μ
1322 5167 1988 5205 ,........................-..

367 5242 415 5325 (a)
435 5246 498 5304 vid.
519 5246 554 5303 de
572 5243 615 5301 bie
637 5240 770 5299 Earum
791 5236 944 5309 Znnnrqts
966 5234 1063 5294 mulina
1083 5232 1213 5317 lepras.
1229 5213 1320 5308 usp.
1337 5242 1399 5304 aaa.
