4750 6025
361 522 441 641 34
948 450 1107 595 nean
1147 506 1516 593 sncomouns

358 700 448 782 libet
472 696 597 805 plaimi
622 688 763 776 dicetur
785 666 871 775 lenc.
889 693 1031 791 moda,
1064 706 1104 773 ut
1126 714 1212 771 can-
1253 687 1345 770 ltem
1374 688 1507 769 aliter:
1545 682 1641 773 illud
1662 678 1867 785 seculorum
1896 678 1944 762 de
1972 672 2139 759 Gloria·

359 823 457 893 tatur
484 810 641 909 Spiritui
665 804 789 910 sanila
833 811 878 884 in
915 802 1059 887 Gloria.
1081 801 1215 903 patrii
1247 806 1352 902 patri
1384 825 1467 880 non
1506 799 1626 899 potest
1651 796 1825 900 applicari
1857 790 1924 873 niss
1957 787 2110 920 abufire

354 924 454 1005 ¹Item
483 946 610 1026 quaro
638 921 735 998 idem
764 920 812 999 de
836 916 908 997 fine
935 916 1102 997 versuum
1123 914 1215 1019 psal·
1253 939 1339 998 cum
1375 914 1560 1018 principio
1594 909 1767 997 ,versuum
1799 906 2033 992 officiorum.
2062 923 2108 979 ιιι

363 1060 534 1123 morum,
554 1026 592 1111 ‘fi
618 1032 754 1111 luerint
787 1030 929 1110 eodem.
951 1026 1091 1115 modo,
1122 1026 1215 1108 ficu·
1255 1024 1540 1131 quorumline.
1557 1022 1736 1127 amnium*
1765 1020 1978 1101 decantatur
2016 1034 2105 1095 cum

362 1152 389 1227 ti
416 1161 581 1227 cantatur
598 1142 800 1251 secutorem
823 1164 926 1221 amen
941 1141 989 1219 de
1009 1138 1136 1218 Gloria
1147 1154 1216 1237 pa·
1257 1154 1429 1219 neumate
1449 1136 1538 1227 luo,‘
1558 1138 1719 1215 maxime
1741 1136 1779 1213 in
1801 1128 2109 1215 solemnitatibue,

361 1260 442 1339 lril
472 1256 606 1339 Tertio
633 1279 786 1359 quaro.
816 1250 840 1331 ti
865 1264 943 1333 non
966 1252 1077 1333 fuerit
1095 1252 1221 1347 obsera
1258 1267 1301 1335 ut
1318 1250 1396 1331 fieri
1417 1250 1535 1328 debet.
1579 1240 1643 1328 De
1662 1239 1997 1331 modeintomnti
2016 1236 2112 1345 piel·

364 1387 489 1450 ratum
517 1386 556 1449 ut
577 1369 623 1448 de
653 1366 782 1446 Gloria
798 1369 906 1465 patri
929 1369 968 1444 in
994 1364 1097 1445 diliis
1122 1364 1218 1443 duo·
1259 1389 1346 1447 mae
1368 1362 1533 1471 lupetius
1555 1360 1692 1442 dilium
1717 1360 1782 1441 aa

363 1485 434 1563 bus
460 1483 576 1571 locis,
608 1480 713 1583 quod
741 1478 873 1558 melius
898 1478 1031 1557 dicitur
1058 1477 1106 1557 de
1131 1472 1217 1554 Gla·
1539 1536 1684 1623 cm
1712 1535 1812 1621 XVI

364 1599 424 1675 ria
454 1602 556 1693 patri
592 1592 648 1671 vel
680 1592 726 1669 de
764 1588 938 1695 psalmia?
982 1586 1217 1692 Respondete,
1814 1596 1823 1618 ·

289 1757 291 1762 -
365 1708 467 1812 quod
504 1707 551 1785 de
578 1703 722 1805 psalmis
750 1702 879 1785 melius
913 1701 1068 1791 dicitur.
1101 1702 1139 1779 dc
1170 1698 1220 1779 fic
1289 1698 1449 1784 merua
1467 1703 1512 1785 de
1531 1722 1680 1783 nmero
1703 1724 1945 1786 tacunarum
1962 1693 2090 1799 prim?

366 1820 416 1899 est
446 1816 672 1897 tenendum:
708 1816 746 1894 dt
778 1811 826 1897 fic
851 1813 1062 1915 responsum
1091 1813 1141 1891 est
1172 1810 1219 1891 ad
1638 1817 1726 1895 toni
1879 1812 1881 1814 ’
1915 1918 1919 1922 ἡ

368 1920 505 2010 οιιιιιει
526 1944 600 2007 tres
625 1928 852 2029 questionae.
893 1924 986 2011 Item
1010 1923 1037 2004 st
1060 1924 1220 2028 placeret
1318 1924 1492 2025 Quaero,
1536 1950 1626 2010 cum
1653 1928 1817 2030 superius
1848 1932 2115 2015 contineantur

367 2040 524 2121 domino
552 2041 736 2135 inventori
760 2039 910 2127 nolito,
937 2036 1069 2117 melius
1092 2034 1228 2117 torem·
1260 2041 1434 2119 undecim
1464 2036 1699 2142 lemurum,
1730 2058 1856 2122 utrum
1896 2041 2032 2145 pollent
2071 2042 2117 2127 dt

367 2152 409 2233 fin
436 2155 628 2233 caneretur
648 2141 776 2229 Gloria
799 2153 903 2249 patri
922 2152 960 2227 ln
984 2163 1107 2231 totum
1131 2170 1219 2233 cunt
1261 2149 1418 2235 debeam
1442 2148 1513 2231 elle
1538 2152 1666 2255 plura3
1694 2176 1740 2232 an
1765 2153 1830 2233 sub
1855 2159 2019 2257 pauciori
2043 2179 2115 2247 nu-

368 2267 432 2346 luo
449 2262 651 2363 lacrimam
686 2262 881 2365 pradilia,
912 2262 1221 2365 prout-contine.
1262 2288 1368 2345 mero
1397 2263 1514 2366 redigi
1540 2264 1702 2367 poilintl
1731 2264 1975 2368 Respondeo,
2007 2267 2116 2369 plura

367 2393 428 2461 tur
450 2382 487 2455 iu
510 2380 687 2478 proximo
704 2374 821 2465 ditia,
855 2396 924 2465 nea
949 2373 1222 2475 transgredere·
1261 2400 1343 2457 non
1366 2376 1600 2481 poliunt-uec
1621 2378 1755 2458 debent
1772 2377 1866 2461 elle:
1897 2382 1976 2457 imo
1993 2398 2113 2459 unani

368 2508 427 2571 tur
453 2505 567 2567 metae
589 2488 686 2575 luae,
707 2510 777 2568 nec
795 2484 1001 2569 ascenderet
1024 2489 1063 2569 in
1079 2485 1126 2571 C·
1146 2484 1240 2588 pri··
1262 2487 1402 2581 [ciffum
1439 2490 1514 2580 eu,
1546 2492 1630 2594 quia
1654 2494 1864 2571 membrana
1894 2492 2113 2596 occupabat,

369 2628 452 2683 mue
472 2618 593 2683 tonan.
624 2599 722 2681 Natn
746 2614 927 2705 quantum
951 2600 1002 2679 est
1028 2598 1084 2693 de·
1099 2597 1221 2681 striae
1262 2628 1334 2707 qua
1360 2604 1501 2684 ratione
1520 2602 1602 2685 lunt
1625 2605 1763 2691 decem.
1811 2603 1908 2685 Alias
1936 2604 2117 2685 deberent

305 2800 308 2806 ,
365 2720 495 2816 rigore
529 2728 665 2793 natura
696 2711 786 2801 luae,
815 2735 894 2792 non
923 2711 1143 2791 transcendit
1171 2709 1222 2790 se
1263 2713 1333 2795 elle
1352 2714 1559 2818 tot,'quot
1583 2714 1719 2795 diversa
1739 2714 1829 2817 lunt
1846 2719 2027 2820 principia
2050 2740 2119 2795 ιιι-

368 2827 534 2908 cundum
568 2827 623 2917 b,·
654 2822 816 2903 [imiliter
850 2848 919 2912 nee
957 2820 1086 2902 Gloria
1117 2825 1224 2923 patri
1264 2825 2117 2931 tiphonarutn,responsoriorummfficiorum.

369 2937 525 3020 lortaffis
556 2936 674 3024 iacere
706 2928 826 3024 debet
872 2936 944 3026 Sed
976 2935 1072 3017 iorte
1108 2932 1224 3016 edidit
1265 2942 1303 3021 da
1321 2940 1476 3023 aliorum
1493 2952 1667 3021 cantuum
1684 2955 2029 3043 quorumcumque,
2048 2942 2119 3043 qui

369 3077 450 3134 eam
478 3051 559 3152 poll
588 3051 875 3140 comestionem.
907 3049 944 3130 da
968 3063 1048 3129 erat
1072 3046 1222 3136 lasciuus
1264 3067 1444 3154 reguntur
1467 3076 1535 3154 per
1556 3047 1721 3154 primum
1747 3068 1905 3142 tonum,
1937 3053 2119 3158 quadril

370 3165 520 3268 quando
545 3162 676 3242 edidit:
707 3160 765 3240 nel
798 3162 1024 3251 immittit,
1057 3175 1099 3240 ut
1123 3160 1225 3248 vide·
1264 3162 1480 3267 impotabile
1519 3161 1786 3244 &absurdum
1822 3169 1997 3266 cogitare.
2052 3165 2120 3244 Se·

370 3291 471 3356 retur
505 3272 653 3354 differre
684 3295 704 3352 a
732 3270 861 3354 Gloria
888 3275 991 3375 patri
1012 3271 1221 3358 sertitem.
1264 3281 1415 3380 quitur,
1446 3275 1549 3380 quod
1579 3275 1699 3380 aliqua
1738 3275 1822 3355 lunt
1857 3274 2036 3378 superflua
2069 3277 2119 3356 de

370 3387 441 3468 Sed
476 3387 566 3467 illud
603 3410 679 3466 non
708 3401 785 3465 erat
817 3381 975 3480 necellet
1006 3407 1090 3464 nam
1127 3385 1223 3464 bene
1264 3389 1365 3468 diliis
1392 3387 1543 3482 decem3
1571 3387 1609 3466 ἃ
1627 3389 1679 3468 est
1702 3411 1853 3478 nerum,
1876 3387 2013 3468 nili-de
2035 3380 2118 3468 unu

370 3499 439 3579 sese
476 3503 774 3601 compatiuntur.
805 3498 908 3600 quod
945 3497 1078 3580 faciant
1109 3498 1222 3604 ambo
1263 3515 1430 3588 mutum,
1454 3497 1662 3602 quodfinie
1680 3502 1720 3577 in
1740 3497 1780 3581 F.
1805 3503 1844 3576 in
1867 3497 1996 3600 regula
2019 3499 2121 3578 eiua·

371 3609 535 3709 regulam
559 3610 657 3692 luam
691 3613 727 3688 in
760 3608 799 3690 F.
832 3611 870 3686 de
911 3608 1085 3711 plangant
1120 3611 1159 3693 in
1190 3632 1222 3686 a.
1265 3613 1350 3690 dem
1379 3614 1484 3699 toni,
1517 3625 1557 3688 ut
1582 3612 1619 3718 in
1645 3611 1944 3712 subsequentibus
1966 3633 2148 3713 appare»

372 3723 410 3800 δι
436 3726 472 3798 in
497 3723 531 3799 b.
562 3723 599 3799 dc
624 3727 661 3798 in
689 3744 721 3800 c.
747 3723 785 3802 δι
811 3733 933 3800 tamen
960 3724 998 3798 in
1023 3717 1225 3802 natumsua
1266 3726 1330 3802 bit
1376 3722 1494 3802 Prima
1511 3726 1577 3801 tria
1594 3745 1672 3800 aon
1692 3722 1852 3802 serviunt
1868 3720 1934 3800 nili
1953 3724 2000 3799 de
2022 3746 2117 3813 uno,

370 3834 452 3912 lunt
493 3837 651 3911 omnino
691 3827 827 3914 diverfi.
883 3830 936 3911 lta
968 3833 1062 3918 bene
1103 3832 1225 3933 potest
1265 3832 1633 3914 eumfaciantfinem
1660 3832 1822 3912 suumin
1846 3827 1897 3914 D.
1926 3839 2042 3913 tacito
2071 3833 2120 3914 de

371 3943 575 4022 commode
596 3942 740 4046 quidam
760 3942 915 4048 simplex
937 3943 983 4023 de
1005 3944 1111 4021 bono
1131 3967 1224 4046 pane
1266 3953 1420 4050 quarto,
1441 3943 1543 4045 quod
1566 3947 1740 4044 omnibus
1764 3945 1942 4046 prevalet.
1991 3941 2121 4042 Qun-

371 4055 587 4144 comedere,
614 4053 719 4135 ficati
743 4057 861 4132 maior
883 4053 983 4157 ipso,
1011 4077 1090 4134 non
1111 4078 1226 4156 prop·
1266 4072 1367 4145 tum,
1398 4054 1564 4143 sextum,
1595 4055 1789 4156 septimum
1826 4055 1960 4136 finiunt
1994 4061 2032 4140 in
2067 4054 2119 4139 G.

372 4183 428 4245 ter
460 4168 534 4246 hnc
568 4181 676 4253 erunt
701 4168 864 4247 eiusdem
883 4165 1083 4268 qualitatis.
1131 4162 1222 4243 ltem
1267 4165 1465 4246 secundum
1491 4167 1653 4265 regulam
1684 4166 1735 4244 sui
1769 4171 1869 4247 toni:
1900 4171 1941 4247 dc
1966 4169 2015 4248 de
2045 4172 2122 4251 illie

372 4278 481 4368 dico.
512 4279 615 4381 quod
644 4302 721 4358 non
754 4278 882 4366 video.
912 4276 1017 4378 quod
1046 4289 1225 4376 operetur
1268 4277 1426 4358 {imiliter
1448 4268 1623 4359 sufficeret
1641 4301 1769 4359 unum.
1814 4271 2019 4368 Oderunt,
2050 4304 2122 4360 no.

373 4391 530 4495 puntiau
542 4393 587 4468 de
591 4390 795 4493 seculorum
806 4384 955 4468 deade
969 4385 1097 4466 Gloria
1103 4388 1223 4485 patri,
1269 4412 1387 4479 num,
1419 4387 1602 4489 decimum
1627 4385 1762 4472 finiunt
1787 4392 1826 4470 in
1853 4416 1883 4468 a.
1915 4388 2122 4472 secundum

373 4499 440 4583 nili
478 4501 657 4582 lasciuiam
699 4499 756 4582 vel
787 4495 1081 4602 superfluitatem.
1131 4493 1224 4576 Item
1269 4497 1433 4598 regulam
1470 4498 1530 4579 sui.
1551 4501 1642 4578 toni.
1692 4497 1739 4599 Et
1777 4501 1824 4581 fic
1857 4501 2038 4583 habemur
2074 4504 2123 4585 de

374 4615 426 4695 est
451 4615 545 4694 bene
573 4613 802 4701 notandam,
832 4611 935 4712 quod
962 4609 1113 4689 ultimus
1132 4631 1227 4708 pun·
1270 4612 1394 4709 primis
1420 4612 1536 4711 tribus
1564 4635 1705 4700 unum,
1737 4613 1775 4689 dt
1802 4617 1914 4694 tacito
1938 4617 1986 4693 de
2011 4639 2126 4720 quar.

373 4727 451 4806 due
473 4725 519 4805 de
528 4723 732 4824 semlerum
758 4725 805 4802 de
836 4716 964 4800 Glaria
985 4721 1090 4819 'patri
1114 4718 1165 4796 eit
1186 4717 1238 4814 in
1269 4734 1336 4810 to,
1367 4720 1413 4798 de
1445 4718 1593 4823 reliquie
1629 4721 1689 4801 sex
1725 4721 1902 4805 habemur
1936 4725 2017 4808 duo
2040 4747 2061 4806 e·
2083 4731 2125 4812 da

372 4835 413 4919 F.
455 4837 552 4916 Nam
586 4835 614 4915 ie
645 4833 731 4914 effer
759 4837 799 4912 in
826 4829 868 4914 E.
898 4831 1037 4933 laperet
1059 4844 1227 4908 naturam
1268 4827 1317 4910 iic
1356 4831 1534 4912 habemur
1575 4835 1644 4927 tria
1670 4830 1878 4930 seealarraa
1911 4836 1959 4917 de
1995 4845 2126 4948 prima

277 5025 279 5036 ,
373 4949 495 5056 quarti
518 4949 624 5041 toni,
654 4958 725 5028 nec
743 4945 883 5051 saperet
904 4955 1074 5025 naturam
1097 4941 1231 5048 priam.
1269 4955 1386 5036 tono,
1416 4943 1455 5022 de
1477 4963 1564 5026 cum
1591 4958 1726 5052 quarto
1755 4960 1930 5053 quatuor.
2087 4977 2090 4982 ·

2017 5059 2067 5145 Bt
