4750 6025
691 585 937 676 murram
979 581 1131 674 'rans
1177 571 1483 678 sacuunr.
1846 557 1963 713 349

519 765 661 850 Carne
688 765 773 848 Vll.
1111 775 1222 866 sunt.
1252 797 1335 879 qum
1370 796 1449 852 non
1484 770 1704 875 permiscent
1733 771 1872 862 sonos,
1902 770 1965 852 sed

283 881 501 965 Moduaell
531 883 714 978 modulata
744 879 985 962 intensiore}
1013 905 1070 963 re-.
1112 889 1311 970 insuaviter
1331 885 1470 965 feriunt
1491 884 1643 964 sensum.
1693 883 1844 965 armeus
1867 882 1961 974 sunt

226 991 344 1076 miffio
366 1018 499 1076 vocum
519 1011 582 1076 aut
600 1007 794 1091 notarum3
817 992 960 1075 rellic:
985 1017 1068 1074 mo-
1114 1025 1195 1106 qnae
1236 1001 1276 1077 in
1322 995 1643 1078 consonantiarum
1684 997 1962 1085 coniunllione,

226 1107 295 1188 dus
315 1107 365 1186 est
393 1106 471 1186 soni
494 1109 592 1188 acuti
613 1110 805 1210 mariaque
828 1107 989 1186 distantia
1009 1106 1069 1186 rel
1114 1128 1158 1195 nt
1183 1109 1302 1190 melon
1331 1105 1424 1188 effici
1453 1105 1582 1210 pollrt,
1614 1133 1694 1189 non
1722 1111 1964 1211 recipiuntur,

225 1218 467 1300 intervallum.
513 1217 746 1298 Intervallum
776 1225 864 1298 vero
892 1235 1066 1300 notarum
1116 1239 1159 1308 nt
1196 1223 1248 1303 est
1281 1221 1440 1300 tritonus
1476 1222 1517 1298 dr
1548 1217 1817 1324 semidiapente
1874 1217 1966 1299 Haec

225 1335 401 1433 gravitate
436 1331 492 1411 vel
528 1333 720 1421 acumine,
751 1328 977 1420 intensione,
1010 1327 1068 1414 rel
1119 1337 1201 1417 sane
1229 1331 1356 1411 divisio
1385 1329 1560 1413 Oddonic
1590 1334 1629 1409 in
1661 1331 1879 1414 Euchiriade
1903 1330 1967 1409 ha-

225 1442 428 1554 remissione
449 1441 602 1532 naam,
622 1440 802 1524 amoliris
824 1442 959 1522 modus
979 1440 1068 1520 dici·
1117 1450 1246 1536 betur,
1270 1448 1385 1548 inque
1398 1442 1531 1525 musica
1545 1441 1751 1527 Hermanni
1768 1443 1878 1526 Saevi
1900 1441 1966 1523 sub

225 1570 309 1646 tur,
340 1561 428 1636 item
454 1553 630 1663 habitudo
658 1579 793 1635 vocum
820 1557 915 1636 inter
942 1553 998 1650 se3
1019 1573 1065 1630 ex
1119 1559 1272 1659 dialogo
1297 1549 1435 1660 scripta,

225 1693 305 1774 q²¹⁰
332 1681 503 1748 ”mmm
523 1667 620 1746 πίω
645 1670 872 1770 accipiemui‘
945 1717 948 1724 ’
1034 1711 1037 1716 ’
1175 1717 1388 1800 Duodecim
1411 1719 1494 1797 sunt
1520 1715 1721 1798 modi-live
1745 1716 1878 1822 species
1903 1713 1968 1796 sal·

268 1829 378 1912 'Sunt
426 1842 548 1909 autem
605 1827 806 1908 modorum
854 1823 1064 1913 duodecim,
1118 1844 1237 1913 tuum.
1285 1822 1460 1929 Unifonus
1498 1829 1549 1909 est
1583 1831 1748 1911 mundam
1783 1829 1890 1910 clavia
1928 1831 1968 1907 in

226 1946 392 2050 quamvis
431 1941 539 2045 aliqui
577 1966 713 2021 norem
752 1953 893 2043 ponant
930 1936 1061 2024 solum.
1118 1943 1245 2023 eadem
1265 1964 1361 2020 voce
1379 1943 1558 2041 repetitio.
1589 1939 1824 2021 semitonium
1839 1941 1889 2019 est
1905 1939 1968 2017 sal·

225 2083 308 2138 non
329 2054 605 2135 annumerando
628 2054 859 2133 semitonium
883 2072 968 2130 cum
991 2048 1065 2125 dia·
1119 2072 1176 2134 tus
1199 2054 1245 2133 de
1273 2054 1325 2129 mi
1349 2053 1388 2129 in
1406 2047 1462 2149 fa
1498 2054 1536 2131 δι
1561 2077 1582 2131 e
1608 2053 1796 2133 converso.
1848 2049 1968 2130 Tonas

225 2183 354 2275 pente·
386 2165 643 2246 semiditonum
675 2188 761 2245 cum
797 2164 984 2264 diapente,
1026 2158 1066 2238 &
1120 2165 1170 2247 est
1201 2162 1307 2244 saltur
1337 2164 1481 2243 aelam
1513 2165 1551 2243 in
1587 2167 1821 2267 proximam,
1847 2166 1969 2243 conti-

226 2299 360 2364 tonum
392 2302 476 2358 cum
504 2277 694 2382 diapente,
724 2277 883 2380 ideoque
913 2292 995 2351 raro
1027 2273 1065 2348 in
1120 2290 1184 2356 aet
1207 2275 1284 2356 duo
1307 2273 1495 2354 semitonia
1519 2271 1680 2378 disparia.
1731 2276 1969 2356 Semiditonur

228 2393 460 2494 Gregoriano
480 2403 683 2470 occurrunt
695 2403 823 2481 cantu3
845 2386 902 2465 sed
920 2405 988 2462 nos
1008 2379 1064 2459 his
1120 2388 1171 2468 est
1190 2383 1297 2466 saltur
1315 2385 1360 2465 de
1373 2386 1466 2464 linea
1483 2388 1520 2463 in
1537 2386 1692 2478 lineam,
1712 2404 1776 2470 aut
1793 2388 1837 2469 de
1855 2387 1969 2490 spatio

227 2504 420 2586 mensurali
452 2502 506 2581 vel
538 2501 730 2602 figurativo
765 2501 888 2604 saepius
926 2497 1065 2575 utimur
1118 2500 1157 2577 in
1187 2499 1359 2600 spatium,
1390 2497 1527 2576 incluso
1560 2500 1766 2580 semitonio.
1816 2499 1970 2577 sisinnus

228 2633 345 2698 cantu.
384 2615 500 2694 Statui
523 2637 637 2715 ergo,
659 2637 721 2692 eos
742 2635 827 2710 cum
848 2610 982 2690 catenis
1003 2627 1067 2682 an·
1120 2610 1171 2688 esl
1196 2609 1303 2688 saltus
1326 2608 1370 2686 ad
1395 2611 1562 2700 tertiam,
1591 2612 1738 2691 excluso
1759 2613 1967 2692 semitonio.

226 2729 472 2811 numerandos
491 2725 590 2814 sore,
612 2726 709 2804 &ad
730 2720 971 2824 indagandam
990 2717 1066 2794 for·
1121 2717 1347 2821 Dioteffaron
1374 2719 1424 2798 est
1450 2719 1556 2799 saltus
1586 2722 1631 2829 ad
1663 2738 1827 2827 quartam
1858 2747 1971 2824 gene-

228 2867 324 2926 mam
353 2836 661 2926 harmonicalem,
697 2836 976 2938 descriptionem
1003 2849 1067 2906 eo·
1121 2832 1240 2912 raliter
1277 2851 1321 2908 ex
1362 2829 1507 2910 duobus
1554 2837 1650 2911 tonis
1686 2837 1722 2921 da
1760 2836 1969 2924 semitonio,

227 2980 333 3044 rum,
363 2950 561 3056 qualiterve
585 2949 826 3029 intenduntur
850 2959 913 3027 aut
944 2941 1067 3021 remit·
1120 2941 1186 3023 nili
1215 2939 1257 3020 lit
1285 2943 1454 3021 tritonus.
1504 2942 1679 3046 diapente
1710 2946 1760 3026 eil
1789 2944 1894 3027 saltus
1925 2944 1973 3027 ad

226 3084 380 3154 tuntur,
414 3076 583 3165 potenter
619 3074 681 3141 aut
717 3060 910 3144 debiliter,
946 3053 1068 3157 postca
1121 3058 1307 3158 quintam,
1337 3053 1492 3132 includit
1520 3072 1590 3135 tres
1618 3071 1727 3136 tonos
1751 3080 1838 3157 curn
1866 3059 1971 3137 semi.

227 3181 367 3260 duabus
393 3175 538 3276 figuris.
566 3189 608 3253 ut
631 3173 812 3277 sequitur,
845 3168 1011 3247 indicare.
1124 3170 1253 3253 tonio,
1285 3163 1348 3241 niss
1373 3164 1414 3242 fit
1438 3164 1705 3270 semidiapente.
1738 3162 1973 3249 «semitonium

286 3316 444 3419 Exquu
469 3335 560 3391 vem
575 3310 707 3390 modus
735 3308 785 3387 est
810 3303 994 3385 modulat,
1016 3301 1073 3376 in.
1125 3302 1204 3357 cum
1230 3277 1391 3373 diapente
1413 3278 1463 3355 est
1483 3276 1590 3357 saltus
1609 3279 1654 3357 ad
1680 3281 1815 3361 sextam
1839 3306 1971 3361 vocem

228 3428 346 3517 tenfio
368 3428 425 3507 vel
451 3420 608 3504 πωπω
635 3445 793 3509 vocum,
824 3430 976 3520 oportet
1002 3413 1074 3514 psi.
1125 3402 1302 3469 tonorum
1323 3389 1359 3466 aa
1380 3387 1539 3468 duorum
1564 3391 1853 3473 semitoniorum.
1902 3392 1974 3471 Το-

232 3542 399 3625 molcire
414 3560 548 3617 vocum
568 3536 826 3636 proprietates,
847 3544 888 3611 ut
903 3526 1073 3630 seqnitur,
1125 3523 1303 3629 ”uitium
1340 3500 1502 3631 dissedit
1538 3502 1587 3580 est
1622 3502 1726 3583 saltus
1752 3504 1799 3584 ad
1835 3504 1972 3635 sextam

233 3655 366 3738 deinde
393 3648 594 3729 modorum
617 3644 763 3747 spectes,
1124 3611 1228 3691 ream
1258 3634 1346 3690 cum
1378 3628 1479 3691 tonte
1507 3628 1664 3715 quatuor
1692 3618 1730 3694 &
1764 3616 1970 3696 semitonio.

291 3790 441 3871 Votum
471 3785 546 3865 aliae
580 3782 664 3863 sunt
692 3778 867 3881 unisona,
897 3797 979 3879 quae
1010 3768 1080 3849 fin·
1120 3723 1361 3802 Simidiimi
1395 3748 1475 3805 Μ
1508 3726 1670 3824 dissenis
1706 3729 1757 3807 est
1786 3728 1893 3809 saltus
1925 3726 1972 3809 ad

236 3903 390 4097 pp
411 3897 579 4089 qq
610 3885 1084 4104 qqpngp
1127 3834 1722 4027 tetrametram
1739 3841 1972 4050 taire

237 4108 1083 4343 salulutaretruttam
1125 4057 1235 4251 tlt
1262 4058 1972 4273 iiiiii”titillaturi

237 4346 471 4453 bisdiapason
524 4340 683 4442 consona
718 4340 826 4427 sunt¹
862 4359 943 4437 φη
975 4357 1084 4413 com·
1124 4284 1306 4414 ollaram,
1326 4285 1421 4413 inter
1443 4285 1697 4366 consonantias
1721 4291 1846 4367 maior.
1877 4288 1972 4367 Pro.

238 4460 402 4566 pomum
428 4456 578 4561 quidem
601 4456 845 4557 permixtum,
869 4448 1012 4528 suavem
1031 4460 1085 4524 ta·
1125 4394 1407 4497 portionabrlem
1431 4396 1587 4475 formam
1606 4399 1742 4478 horum
1766 4398 1970 4479 modorum

240 4599 326 4655 men
355 4567 518 4651 efficiunt
544 4566 696 4659 sonum,
727 4578 770 4645 ut
792 4562 978 4662 diapente,
1009 4556 1085 4636 dia·

238 4684 406 4769 tellarun.
459 4674 649 4767 dmmeles,
679 4696 921 4779 quacumque
952 4668 1086 4749 conso·

241 4822 299 4879 na
331 4793 479 4899 quidem
516 4814 594 4871 non
628 4788 731 4876 sunt,
762 4786 856 4864 reue
888 4798 1009 4862 tamen
1038 4779 1084 4861 ad
1411 4780 1554 4864 Craua
1582 4781 1685 4863 Vlll.

1125 4506 1254 4602 ultima
1277 4506 1323 4585 de
1348 4511 1654 4612 proportionibus
1682 4524 1787 4617 parte
1809 4514 1971 4593 invenies

1125 4617 1246 4701 lucide
1269 4617 1434 4724 politam.

242 4906 363 4990 melna
388 4906 502 5007 aptari
519 4898 688 5005 polluat,
718 4911 760 4976 ut
780 4914 891 4974 ronne
912 4917 997 4974 cum
1019 4915 1088 4971 cae·
1184 4888 1550 4994 Proportionabilitae
1572 4918 1660 4973 vero
1683 4898 1853 4977 omnium
1877 4896 1974 5001 peri·
2037 4872 2042 4879 ¹

241 5024 329 5103 terit
367 5014 645 5097 intervallorum
671 5007 881 5127 speciebus.
937 5000 1089 5107 Dilsonae
1129 5000 1369 5197 ρὴοιιῗζυω,
1399 5004 1532 5098 idest,
1562 5007 1882 5199 consonantiarurlq
1908 5029 1974 5111 per

1305 5136 1332 5195 Χ
1359 5132 1381 5209 3
1877 5143 1919 5200 oa

2068 5494 2244 5741 Γ
