4750 6025
363 528 480 676 176
721 558 723 561 ·
873 526 1582 659 artnousrrnuetour
1655 596 1659 606 ι
1721 554 1750 662 j

356 731 471 837 igitur
491 730 636 813 monte
652 726 804 813 velimus
827 729 889 812 seu
920 728 1204 835 proportionale
1245 732 1314 823 ut,
1345 756 1425 837 quae
1441 735 1491 813 eil
1515 736 1552 811 in
1568 729 2096 839 quatuorl'emibrevrsaeqtra-

358 869 471 925 uoces
492 846 529 923 in
552 844 667 923 modo
698 845 864 924 cantandi
891 844 937 924 de
955 854 1123 947 tempore
1136 849 1204 945 im·
1246 846 1314 925 les:
1347 846 1487 950 &quia
1502 846 1581 925 haec
1600 844 1754 925 secunda
1773 845 1902 926 divifio
1922 848 2097 964 impepfe·

357 957 546 1061 perfetio,
577 956 624 1035 ita
650 955 826 1035 debemus
846 958 1105 1064 rationabiliter
1137 960 1205 1035 im·
1244 958 1292 1037 ui
1321 958 1499 1059 temporis
1536 972 1772 1059 comparatur
1798 957 2012 1045 subtractae
2046 957 2096 1038 ad

266 1066 270 1075 ⁴
357 1068 623 1173 perfeiiionem
648 1067 787 1170 semper
813 1070 1020 1149 attribuere¹
1036 1084 1134 1148 notu
1163 1067 1204 1147 fi.
1243 1069 1438 1149 secundam
1465 1068 1678 1147 dirifionem
1713 1073 1892 1171 temporis
1930 1070 2094 1173 perfeffl.

358 1180 458 1270 nali,
495 1179 585 1259 licut
615 1183 649 1259 ei
678 1182 908 1271 attribuimus
944 1180 1202 1283 perfeilionetn
1245 1204 1326 1284 quau
1352 1181 1402 1260 ell
1432 1184 1475 1258 in
1495 1179 1577 1271 serr,
1608 1180 1694 1261 ideo
1732 1196 1910 1261 vocantur
1936 1184 2095 1261 maiorer

358 1316 379 1370 a
406 1294 522 1371 inodo
552 1292 720 1370 cantandi
749 1286 809 1371 de'
828 1307 997 1394 tempore
1031 1290 1204 1393 perfetio.
1246 1296 1301 1395 sia
1318 1309 1472 1383 uaturae,
1494 1294 1531 1369 δι
1552 1316 1642 1373 tunc
1661 1293 1810 1371 caudata
1826 1292 1873 1370 de
1893 1293 2096 1396 diitisqua·

358 1398 407 1485 Et
428 1426 476 1483 err
495 1404 571 1481 hoc
589 1402 844 1509 concluditur,
863 1403 965 1506 qnod
982 1402 1110 1483 Gallici
1129 1427 1209 1491 rne-r
1246 1418 1361 1495 tuot..
1389 1429 1469 1508 quae
1493 1404 1626 1484 dicitur
1648 1407 1767 1484 maior
1785 1428 1851 1508 per
1869 1419 1999 1495 artem,
2021 1417 2101 1485 ttet'

358 1516 431 1595 lius
447 1530 594 1597 cantant
610 1514 911 1595 &rationabilius
927 1519 964 1593 in
982 1515 1097 1605 modo
1121 1538 1205 1593 oan-
1246 1532 1365 1620 partes
1383 1518 1575 1606 continet,
1594 1540 1687 1627 *non
1710 1516 1867 1596 nudata>
1881 1528 2096 1595 remanente

358 1627 481 1717 tandi,
500 1634 609 1729 quarn
628 1625 751 1725 italici.
782 1624 924 1722 Modus
937 1628 1043 1706 etiam
1061 1624 1206 1705 Italico·
1247 1631 1286 1706 in
1314 1628 1378 1707 lua·
1395 1642 1530 1708 natura.
1580 1626 1792 1708 Secundum
1811 1642 1933 1708 autem
1963 1626 2097 1717 Gallos

358 1742 443 1819 rum'
469 1739 589 1841 potest
611 1737 771 1816 sustineri
795 1738 974 1829 dicendo,
998 1738 1099 1840 quod
1125 1741 1206 1815 imi·
1246 1738 1356 1841 liipla
1376 1764 1447 1818 una
1471 1738 1665 1828 caudetur,
1687 1741 1812 1818 llatim
1835 1738 2028 1818 uaniimus
2047 1738 2101 1819 ad'

359 1866 485 1933 tantur
500 1850 767 1952 perieiiionem
789 1852 824 1926 in
845 1866 1022 1951 quantum
1044 1846 1202 1950 poliunt,
1246 1848 1389 1929 tertiam
1402 1849 1627 1929 -divilionem
1645 1853 1844 1953 [temporis
1877 1852 2094 1953 imperfecti,

359 1962 464 2067 quod
486 1964 537 2041 eli
558 1961 770 2039 rationabile
794 1960 895 2067 latis,
916 1960 1049 2039 seilicet
1072 1964 1206 2061 impet·
1247 1983 1327 2063 quae
1349 1959 1400 2040 ert
1422 1961 1633 2040 semibreves
1654 1965 1691 2039 in
1718 1962 1780 2039 lex
1802 1962 1979 2063 aquales,
1997 1966 2095 2066 'quae

359 2076 496 2155 seclum
528 2072 669 2175 semper
705 2072 878 2151 reducere
890 2072 958 2153 aad
993 2070 1203 2173 perfectum.
1247 2087 1424 2152 vocantur
1456 2074 1615 2151 minima
1645 2076 1683 2149 in
1714 2076 1838 2174 primo
1867 2074 2095 2175 gradu‚‚eo

361 2187 463 2273 Cum
486 2187 599 2287 igitur
619 2182 727 2285 poffit
747 2184 946 2286 proportio
967 2183 1013 2289 de
1036 2179 1206 2285 tempore
1246 2184 1349 2285 quod
1374 2184 1472 2265 ultra*
1488 2182 1699 2263 divilionem
1723 2186 1961 2263 minimarum
1989 2182 2097 2263 [emi.=

359 2290 575 2401 imperfetio
611 2296 743 2374 reduci
774 2296 823 2397 ad·
860 2295 1120 2395 perfectionem
1146 2289 1207 2373 δὲ
1247 2296 1372 2374 breves
1392 2296 1625 2384 dividuntur,
1652 2296 1690 2373 &
1715 2310 1807 2373 tunc
1827 2294 1919 2374 duta
1942 2297 2096 2397 caudata

291 2490 294 2493 .
360 2426 531 2511 tempore
554 2406 736 2509 perferto,
757 2404 860 2507 quod
880 2408 929 2511 eil
950 2404 1122 2485 reducere
1138 2407 1206 2483 im·
1247 2404 1294 2485 de
1323 2407 1385 2518 lex
1417 2408 1577 2509 partibus
1604 2408 1771 2507 quinque
1802 2410 2010 2485 continebit
2038 2410 2096 2485 via

360 2518 563 2625 perlectum
583 2518 628 2595 ad
647 2517 869 2617 perleilum:
895 2517 978 2594 ideo
999 2516 1207 2626 italicorum
1249 2521 1353 2622 art-is,
1372 2541 1451 2594 non
1471 2518 1619 2595 caudata
1641 2519 1678 2593 in
1705 2517 1775 2595 sua·
1788 2533 1916 2606 natura
1938 2516 2094 2596 sistente.

360 2624 553 2712 cantut'de
572 2642 742 2727 tempure
760 2628 972 2728 imperletlo
993 2628 1071 2705 satis
1091 2628 1208 2728 potest
1249 2628 1288 2705 Sl
1312 2652 1398 2705 vero
1423 2642 1493 2704 tres
1515 2628 1887 2709 semibrevesfuerint
1909 2653 1981 2731 pro
2002 2644 2098 2708 tem·-

360 2737 627 2823 rationabiliter
648 2737 819 2816 sustineri.
855 2737 1064 2817 Dicendum
1084 2738 1133 2817 eil
1152 2762 1209 2815 er·
1248 2762 1341 2842 pore
1364 2738 1597 2838 imperfecto,
1628 2752 1670 2817 ut
1692 2738 1753 2817 hic
1774 2753 1899 2841 patet:

361 2878 436 2957 go,
458 2850 562 2954 quod
579 2852 624 2927 in
651 2849 711 2927 tali
740 2848 855 2927 modo
882 2848 1011 2952 Gallici
1035 2848 1207 2949 proprius
1890 2888 2098 2914 ...-

362 2970 401 3045 &
429 2958 556 3044 melius
580 2968 726 3040 cantent
753 2962 895 3038 ratione
918 2959 1093 3061 praeditis.
1270 2975 1274 2981 ¹
1422 2960 1444 2973 '
1637 3005 1639 3010 -
1756 2957 1832 2977 “⁸
1868 2952 2098 2979 ··“·“···

362 3125 421 3208 De
448 3119 650 3202 nominibus
673 3115 720 3207 ὃ·
741 3113 1031 3218 proprietatibus
1034 3081 1207 3216 semibus·
1245 2886 2100 3180 Q

420 3239 525 3316 vium
547 3235 766 3328 aerumpna
792 3227 1017 3328 imperfecto,
1047 3230 1149 3308 ruodo
1221 3313 1223 3317 ,
1249 3243 1339 3307 tunc
1365 3229 1487 3306 italice
1507 3230 1712 3319 cantando,
1744 3232 1891 3320 ultima,
1924 3236 2097 3335 eoquod

561 3387 566 3414 ·.
604 3341 737 3420 Gallico
765 3337 812 3427 ἒξ
837 3340 973 3417 Italico.
1101 3368 1114 3392 ³
1248 3338 1354 3426 linis,
1384 3339 1572 3440 aequivalet
1608 3341 1748 3420 duabus
1776 3344 1852 3421 aliis
1883 3348 1921 3420 in
1945 3345 2096 3426 valore:

421 3457 459 3538 Si
490 3458 592 3536 enirn
619 3454 700 3530 doae
731 3451 944 3529 somibreves
981 3450 1210 3550 accipiuntur
1251 3451 1369 3528 modo
1391 3427 1690 3541 autemGallico,
1720 3466 1762 3549 ut
1782 3457 1990 3533 inveniatur
2010 3482 2101 3559 pro·

364 3565 435 3673 pto
453 3585 621 3667 tempore
644 3561 885 3661 imperfetlo,
918 3562 1063 3640 tuno&
1085 3559 1210 3639 secun·
1251 3563 1377 3663 portio
1407 3560 1444 3665 δι
1474 3560 1646 3661 perfeilio
1676 3567 1790 3646 totius
1818 3567 2020 3655 mensurae,
2050 3569 2101 3651 de

364 3683 454 3760 dum
473 3678 601 3758 Gallos
623 3675 878 3750 &secundum
894 3671 1036 3750 italicos
1064 3671 1208 3772 aequali-
1251 3672 1311 3748 lex
1331 3672 1492 3770 partibus
1512 3675 1629 3771 prima
1650 3679 1820 3754 continet
1843 3692 1939 3778 tres,
1969 3679 2100 3760 secun-

363 3808 420 3872 ter
450 3789 713 3892 proferuntur,
736 3785 784 3886 v&
804 3783 886 3882 quia
911 3783 991 3881 ipsae
1025 3781 1105 3858 sunt
1137 3785 1209 3880 pri·
1250 3781 1294 3858 da
1319 3783 1430 3875 duas,
1461 3786 1564 3887 tertia
1590 3792 1678 3861 'vero
1705 3809 1843 3882 unam,
1873 3785 2099 3872 &uocatur

364 3924 435 3980 ma
452 3915 569 4002 partes
597 3895 781 3974 divilionis
803 3893 978 3991 temporis
997 3887 1208 3991 imperfecti.
1251 3895 1389 3979 maior,
1406 3894 1562 3982 minor,
1593 3899 1754 3974 minima
1799 3897 1987 3992 Siautem'
2008 3926 2101 4006 qua.

364 4013 451 4092 ideo
469 4011 638 4088 dicuntur
656 4009 811 4082 maiores
831 4003 1048 4090 naturaliter,
1059 4002 1208 4103 eoquod
1248 4015 1368 4090 tuom·
1384 4003 1429 4081 nt
1448 4003 1531 4080 hic:
1557 4047 1561 4051 —

364 4110 1209 4222 comparanturdnabusprimaedlvifionistem·
1248 4148 1502 4174 ---···
1550 4123 1655 4176 '-·-
1727 4157 1791 4207 -2-
1837 4159 1904 4179 --

365 4235 468 4336 poris
490 4227 667 4332 perfectu
698 4239 893 4324 perustum
919 4247 1005 4300 vero
1023 4223 1140 4326 potest
1167 4247 1209 4301 u.
1247 4183 1700 4406 &BL-75*
1728 4221 1764 4239 ..

366 4368 414 4421 na
435 4335 781 4441 ipsarumcaodari,
814 4351 854 4410 ut
873 4334 956 4413 hic':
1154 4412 1160 4422 ,
1549 4414 1902 4445 ----..--·....
2022 4413 2101 4454 .·...

1249 4503 1338 4568 tunc
1354 4487 1473 4568 ltalioe
1492 4493 1673 4574 motando
1690 4497 1878 4605 aqualiter
1898 4505 2103 4604 proferun-

1081 4679 1084 4684 ,
1248 4614 1331 4690 tur,
1361 4602 1478 4678 modo
1501 4623 1623 4692 autem
1647 4615 1716 4695 eo,
1742 4631 1821 4710 quo
1842 4611 1908 4714 ipli
1932 4639 2012 4696 non
2035 4627 2104 4698 ert·

1247 4709 1385 4789 oedunt
1406 4710 1587 4808 *senarium
1617 4739 1841 4810 nnmetum.
1874 4724 1988 4803 licent
2014 4728 2104 4830 poi-

368 4833 408 4911 &
435 4843 526 4908 tunc
555 4823 751 4904 secundum
777 4817 920 4898 italicos
948 4817 1137 4898 transimus
1164 4819 1209 4896 ad
1250 4819 1350 4906 ient,
1380 4823 1417 4896 in
1451 4821 1635 4909 divisione
1662 4825 1864 4929 imperfeiii
1898 4843 2099 4940 temporis.

364 4938 561 5023 secundam
596 4925 810 5016 divifionem'
831 4933 1007 5035 temporis
1039 4928 1209 5032 imperie-
1247 4929 1403 5033 ipsarum
1428 4947 1608 5037 quatuor
1621 4939 1742 5042 primu
1773 4941 1863 5025 duas
1895 4962 2020 5051 partes
2053 4952 2103 5034 de

1608 5082 1612 5093 ·
1980 5060 2047 5141 sex
