4750 6025
719 714 720 717 ψ
860 596 1079 687 courum
1125 594 1390 691 uuerco.
1879 600 1989 721 191

246 786 354 869 'trun
380 788 466 884 ‘qut
503 770 555 859 illi
584 770 782 869 dixerunt,
813 779 851 859 de
885 780 1002 887 aliquo
1034 780 1105 861 illic
1147 777 1239 861 nihil
1260 780 1503 885 preteritum,
1524 774 1616 861 orlul
1634 776 1817 873 futurum,
1833 776 1894 863 i'ed
1913 802 1999 865 om·

255 890 387 973 intrude
417 914 467 989 ex
502 892 613 1005 dudio
653 892 833 995 ingenioli
867 897 940 995 mei
976 894 1104 985 adiuu-
1146 918 1211 973 nee
1237 894 1336 975 adue
1362 893 1545 974 humanos
1575 896 1613 974 iu
1642 893 1708 976 luo
1736 910 1876 976 aeteruo
1905 917 1997 996 pre·

251 1026 360 1111 gam),
390 1003 592 1089 secuudum
620 1006 724 1111 quod
748 1006 839 1117 milri
868 1006 938 1087 risu
967 1006 1104 1089 luerint
1144 1004 1236 1087 senti
1258 1007 1396 1112 ubsque
1419 1006 1615 1100 oblivionis
1634 1006 1868 1111 tempusculo
1889 1029 1996 1089 com·

252 1116 444 1221 expedite.
1145 1117 1351 1222 prehendit
1398 1117 1530 1200 Foveut
1551 1115 1644 1222 ergo
1667 1119 1781 1203 debili
1797 1143 1887 1201 mee
1905 1118 1996 1225 plm-

308 1226 356 1343 Et
389 1253 459 1334 pro
495 1233 565 1313 iilo
601 1232 945 1337 quantulocumque
977 1230 1104 1311 labore
1145 1230 1222 1310 selo
1246 1232 1284 1310 dc
1303 1231 1349 1311 ad
1368 1245 1519 1333 portum
1546 1230 1660 1336 usque
1682 1231 1879 1337 perduret,
1909 1234 1996 1335 quie

250 1362 359 1425 neco
388 1344 493 1427 icore
521 1345 688 1436 susurro,
723 1369 791 1425 nec
811 1344 930 1424 alieno
950 1368 1103 1449 quoque
1146 1343 1238 1421 telle
1264 1343 1491 1447 Augustino,
1522 1345 1686 1448 quamuis
1711 1345 1756 1425 ud
1784 1344 1920 1425 molum
1945 1365 1995 1425 ex

252 1455 437 1561 marsupio
453 1462 675 1541 remunerari
696 1460 753 1538 vel
770 1458 875 1561 spero
896 1455 951 1537 uel
971 1455 1103 1571 posco,
1149 1456 1258 1535 nobie
1291 1451 1487 1536 sufficimur
1503 1492 1536 1546 ,·
1557 1479 1670 1537 nemo
1701 1457 1820 1559 potest
1850 1457 1994 1538 bonum

247 1564 310 1699 sed
330 1571 388 1679 *ab
420 1572 507 1665 illo,
537 1576 601 1676 qui
626 1570 770 1654 nullum
795 1574 904 1651 bonu
930 1572 1105 1649 intentio-
1147 1566 1265 1649 iecere
1298 1562 1373 1646 line
1403 1565 1515 1664 Dec;
1557 1570 1595 1648 dr
1628 1567 1832 1651 Salomon:
1869 1570 1996 1652 omnir

245 1701 305 1763 om
327 1680 492 1773 tabore-
519 1692 831 1772 inremuneratum
856 1684 1027 1774 dimittit.
1044 1683 1105 1762 cui
1147 1678 1360 1789 supientiae
1387 1676 1558 1763 Domino
1579 1678 1668 1767 Deo
1692 1682 1753 1765 eii.

930 1842 1102 1925 Metram
1130 1838 1307 1924 Eiusdem.

542 2016 723 2115 Congrue
751 2011 917 2097 dicutur.
949 2005 1037 2087 dum
1070 2003 1160 2085 iulio
1187 2016 1361 2107 precatur
1380 2006 1553 2104 unicus,

543 2127 653 2211 Tunc
682 2136 815 2224 rogat,
864 2120 1034 2200 hortatur
1055 2140 1168 2221 quem
1198 2116 1233 2195 ie
1257 2118 1473 2196 monstraret
1500 2121 1656 2222 iniquus,

544 2240 607 2323 sic
635 2236 774 2318 sceleris
797 2232 938 2313 clamor
965 2230 1053 2311 mihi
1079 2227 1211 2332 frigida
1235 2228 1379 2331 peoora
1400 2230 1560 2331 praeliut,

544 2352 616 2434 Sed
648 2350 792 2431 virtutis
818 2367 922 2425 amor
950 2340 1073 2446 pellit,
1104 2340 1370 2445 quodcumque
1401 2342 1578 2422 molestat.

543 2460 706 2571 Forlituo
727 2458 900 2543 audacem
924 2454 1051 2553 ¹societ,
1080 2452 1184 2535 Deus
1216 2452 1289 2555 ipse
1313 2455 1460 2535 iurabit.

429 2626 430 2630 κ
545 2574 666 2658 Putris
702 2595 806 2674 parvo
836 2570 997 2675 loquor,
1029 2590 1098 2647 nec
1125 2589 1185 2647 rue
1211 2566 1313 2645 labor
1335 2565 1399 2645 ilie
1422 2564 1595 2666 gravabit.

544 2686 693 2771 Mulrcu
713 2686 909 2765 subietium
935 2679 1038 2784 quod
1065 2678 1197 2769 habet,
1229 2700 1307 2780 quo
1335 2672 1445 2779 pallio
1470 2676 1605 2768 iermr,

548 2800 720 2898 Qualiter
746 2798 791 2879 ad
818 2792 1004 2877 mathefim
1031 2806 1218 2895 tamquam
1246 2813 1327 2893 puro
1353 2802 1481 2893 quartu
1507 2791 1679 2873 reiertut..

546 2912 710 2997 Maxima
739 2912 830 3016 quid
862 2906 1032 2988 resonant
1059 2906 1154 2985 inter
1186 2900 1318 2983 secreto
1347 2902 1522 3005 polorum

547 3025 736 3130 Corpora,
767 3049 834 3104 cur
863 3021 999 3102 discors
1023 3015 1226 3098 concordet
1255 3027 1379 3096 motus
1405 3028 1557 3093 eorum:

546 3138 634 3222 Hoc
662 3161 738 3216 non
770 3138 820 3216 est
851 3133 956 3213 facile
986 3129 1208 3223 describere3
1238 3151 1321 3207 oum
1353 3129 1463 3204 nimir
1490 3124 1605 3207 altum

546 3250 633 3332 Hoc
665 3249 759 3330 ultro
779 3251 872 3326 vires
898 3245 1043 3348 pueris,
1085 3241 1219 3320 fuceret
1244 3263 1393 3343 quoque
1416 3237 1557 3318 saltum.

547 3363 629 3460 Qui
661 3361 708 3441 de
729 3357 931 3463 rpropossto
961 3379 1037 3436 non
1066 3353 1173 3442 suut,
1205 3353 1367 3430 dormire
1395 3347 1574 3439 ficamus.

547 3475 629 3574 Qui
656 3475 764 3554 nimiu
793 3471 856 3552 uiti
885 3469 967 3549 iunt
996 3463 1156 3556 frutice,
1188 3463 1347 3565 pendere
1374 3462 1556 3566 liutmun

547 3583 745 3672 intervallo
776 3599 899 3664 tamen
923 3581 1143 3668 referamus,
1174 3599 1327 3680 quaeque
1355 3573 1576 3678 lequuntur,

548 3699 594 3782 lit
623 3721 702 3804 quae
731 3696 965 3802 procedunt,
997 3695 1034 3772 dc
1066 3688 1221 3794 qualiter
1252 3688 1330 3767 hec
1360 3690 1544 3771 oriuutor.

550 3812 622 3895 Sed
649 3810 883 3914 precedentis
913 3803 1100 3888 candelam
1129 3825 1215 3882 cum
1242 3802 1442 3881 comitatur

548 3925 702 4010 Pratiice
728 3924 920 4009 theorice.
951 3917 1025 3997 line
1054 3938 1125 4020 qua
1148 3911 1337 4008 tenebroso
1363 3924 1536 4012 rugatur,

537 4035 650 4122 -Hinc
678 4039 748 4116 erit
774 4037 812 4115 ἀ
835 4058 906 4116 cur
934 4029 959 4110 li
986 4027 1154 4110 dicuutur
1182 4023 1321 4127 lingula
1350 4023 1458 4113 scire,

549 4147 717 4232 Vocibus
744 4163 787 4229 ut
812 4147 911 4228 uotis
939 4143 1134 4241 contingat
1158 4135 1312 4239 longius
1336 4136 1398 4214 ire.

550 4259 653 4346 Adlie
674 4284 766 4366 ergo
793 4258 920 4347 Deus,
950 4254 996 4334 ad
1021 4265 1175 4358 portum
1201 4249 1275 4329 duc
1300 4271 1381 4326 meu
1409 4242 1509 4334 velo,

545 4373 598 4460 Et
624 4373 735 4466 milui,
755 4397 848 4478 vquae
875 4365 1003 4474 polim
1029 4363 1267 4451 benedicere,
1295 4360 1424 4463 presto
1452 4353 1584 4441 revelo.

552 4489 636 4571 Neo
659 4486 749 4572 mihi
775 4485 820 4566 iit
842 4481 999 4588 pretium
1030 4477 1198 4558 scribenti
1227 4470 1340 4553 fistula
1365 4472 1488 4551 famen

554 4601 646 4684 Non
676 4599 772 4678 aliud
798 4596 956 4702 quodvis
985 4607 1172 4672 terrenum
1203 4585 1368 4689 poscitur
1391 4607 1411 4661 a
1437 4602 1508 4660 me.

554 4709 620 4794 Tu
651 4712 747 4806 mihi,
773 4708 817 4790 fis
844 4699 1027 4812 pretium,
1059 4701 1133 4782 line
1160 4724 1238 4803 quo
1262 4695 1354 4776 nihil
1382 4689 1452 4774 elle
1480 4689 1658 4795 probatur

556 4823 739 4930 Usquam,
772 4820 874 4926 quod
900 4818 1053 4922 speciem
1081 4813 1256 4893 bonitatis
1285 4809 1419 4886 habere
1443 4804 1594 4887 sciatur,

557 4935 623 5018 Nil
657 4936 746 5015 mihi
778 4933 1028 5035 praeteritum,
1059 4923 1152 5006 nihil
1181 4920 1341 5004 &ualet
1369 4914 1437 4998 eil'e
1462 4915 1653 5008 futorum

558 5048 741 5147 Quolibet
772 5049 810 5124 in
840 5037 971 5134 iluiiu,
1000 5038 1131 5130 Deus.
1161 5035 1262 5142 eligo
1290 5048 1327 5113 te
1350 5031 1572 5135 palmorum.
1863 5114 1961 5200 m
