4750 6025
763 453 1482 635 nusrcn‘nraouennrvn.
1869 460 1991 649 25³3

292 685 407 794 astque
420 653 653 794 semitonium
676 687 933 792 priorarum
958 691 1076 773 maier
1143 696 1278 779 militer
1307 698 1439 780 accidit
1471 699 1721 803 comparando
1747 677 1908 785 'comma
1937 707 2010 802 εᾶχ

530 909 533 918 1
609 801 750 906 duduc.
1038 885 1040 890 ,
1141 822 1317 909 apotome
1339 812 1560 916 &tonum
1588 813 1660 893 Sed
1682 814 1762 912 hace
1781 805 1865 899 dein
1890 821 1984 900 ratio

316 911 442 1002 Primo
451 913 502 1012 ad
516 928 658 996 acutam
674 928 823 1019 partem.
838 913 998 996 Notoiu
1015 937 1101 1018 pro·
1141 942 1220 999 uon
1246 919 1365 1010 vaiet,
1394 925 1479 1025 quia
1509 922 1678 1004 similiter·
1696 932 1985 1033 oporte-tonin-

93 1127 95 1132 Ι
259 1022 403 1128 pohto,
433 1025 709 1116 consonantiam
739 1023 949 1117 intendere,
980 1027 1030 1106 est
1057 1025 1103 1106 de
1143 1031 1292 1134 tuplam·
1321 1035 1497 1115 maiorem
1531 1033 1600 1113 csse
1628 1060 1739 1140 quam
1765 1037 1994 1142 -sexduplam

92 1133 95 1230 f
257 1136 352 1234 suno
388 1141 490 1239 gravi
519 1141 718 1218 acutiorem
750 1138 887 1228 facere,
911 1141 1103 1218 'remittere
1143 1142 1432 1247 sesquialteram,
1452 1148 1498 1224 „dr
1524 1150 1704 1227 minorem
1729 1174 1845 1256 quam
1861 1152 1984 1257 septu·

138 4794 139 4797 κ
252 4771 285 4829 c
314 4746 467 4845 disat)
493 4744 542 4827 m.
570 4753 656 4852 quia
680 4748 704 4827 l.
729 4748 1009 4853 multiplicatum
1033 4774 1098 4853 per

79 4912 82 4921 ·
253 4862 322 4941 tria
341 4864 465 4940 minus
489 4860 576 4938 sacit
596 4884 706 4963 quam
730 4884 778 4938 m.
803 4860 862 4939 sed
887 4859 1102 4961 multiplica-

258 1263 381 1330 autem
398 1262 417 1340 ,’
441 1249 487 1354 de
526 1253 679 1329 acutiori
714 1253 933 1350 graviorem.
980 1249 1035 1330 Sit
1070 1273 1100 1328 a.
1143 1253 1241 1356 piam
1266 1255 1367 1358 quod
1393 1257 1576 1340 manifeste
1599 1259 1726 1341 falsum
1750 1263 1811 1360 eit
1850 1305 1853 1311 ·
1961 1284 1963 1289 ·

258 1373 542 1463 coronaque
573 1361 617 1440 ad
643 1361 675 1440 b.
707 1361 916 1442 intendatur
944 1357 1102 1440 dnteffa-

257 1492 329 1578 rqn
352 1471 397 1552 ad
421 1495 452 1550 e.
498 1473 527 1552 A
552 1472 697 1574 quoad
722 1473 746 1550 s.
772 1471 834 1551 fiat
854 1473 1022 1574 diapente
1045 1497 1104 1552 re·

256 1579 369 1666 missa.
399 1579 479 1662 Erit
496 1586 617 1685 itaque
635 1583 670 1662 d.
691 1583 716 1662 s.
734 1598 854 1680 tonna.
885 1581 995 1663 Unde
1012 1606 1100 1666 cum
1197 1574 1325 1680 Aliqua
1342 1577 1556 1679 preambula
1575 1578 1737 1660 diuisioni
1757 1584 1983 1680 monochor-

254 1719 288 1777 a.
317 1696 351 1773 h.
384 1692 426 1772 iit
454 1693 688 1785 diatessaron,
720 1697 756 1772 &
785 1696 821 1774 b.
850 1695 873 1772 s.
906 1694 981 1775 duo
1005 1697 1099 1784 toni,
1122 1686 1180 1778 ¹di
1201 1687 1309 1767 utilia.
1359 1687 1557 1786 momnis
1582 1691 1707 1774 divisio
1735 1697 1984 1779 monochordi

257 1805 328 1888 crit
350 1805 374 1884 s.
399 1831 428 1885 a.
449 1807 677 1886 semitonium
704 1809 834 1886 minus.
879 1806 936 1886 Ad
960 1820 1098 1907 partem
1142 1797 1240 1877 vadit
1262 1823 1327 1901 per
1347 1799 1585 1891 tetrachorda.
1641 1802 1768 1886 Omne
1787 1821 1909 1907 autem
1928 1823 1984 1888 te·

256 1931 381 2000 autem
418 1919 624 2018 grauiorem
655 1919 700 1997 ita
729 1917 801 1996 fiat.
832 1915 901 1996 sn
928 1930 1038 1997 tonus
1067 1941 1116 1996 a..
1140 1907 1376 1990 trachordum
1404 1926 1538 1997 vocant
1561 1913 1685 1994 mufici
1709 1915 1864 2019 spatium
1885 1919 1983 2000 duo-

257 2053 278 2109 a
306 2052 382 2132 quo
408 2028 643 2111 intendantur
671 2029 747 2108 duo
773 2031 854 2108 toni
876 2030 1044 2108 continui
1066 2051 1116 2106 a..
1139 2043 1223 2132 rum
1242 2035 1419 2100 tonorum
1439 2047 1525 2103 cum
1542 2023 1734 2131 semitonio
1757 2031 1913 2120 minori.
1943 2033 1982 2110 ἃ

257 2141 294 2220 d.
319 2143 356 2218 dr
378 2139 466 2240 dg.
489 2141 528 2218 dc
550 2165 570 2219 a
596 2164 634 2242 g.
659 2142 864 2221 remittatur
885 2137 1098 2220 diatessaron
1138 2129 1214 2210 hoc
1233 2133 1283 2210 est
1306 2130 1538 2224 diatessaron,
1560 2137 1598 2214 &
1618 2139 1795 2238 ipsumin
1822 2156 1982 2245 quatuor

254 2251 369 2356 usque
392 2250 439 2331 ad
461 2243 489 2351 Β.
518 2255 586 2331 erit
611 2277 641 2332 a.
664 2239 830 2353 {minus
853 2250 1096 2332 semitonium.
1139 2241 1285 2320 chordis
1302 2243 1514 2350 integratur.
1545 2267 1582 2326 2.
1606 2245 1704 2346 Cum
1725 2251 1762 2329 id
1781 2253 1982 2334 tetrachor-

255 2359 379 2444 Μαίης
397 2377 518 2443 autem
551 2361 779 2444 semitonium
811 2360 879 2442 fic:
905 2365 1027 2464 primo
1052 2361 1098 2442 ad
1139 2353 1227 2432 dum
1260 2353 1368 2456 puffit
1399 2359 1579 2447 reiterari.
1607 2374 1651 2438 ut
1678 2361 1784 2441 altius
1815 2363 1981 2446 ascendat
2014 2436 2034 2459 „

255 2487 397 2580 partem
423 2485 577 2555 acutam.
627 2475 684 2554 Ab
707 2499 736 2554 a.
765 2489 860 2554 tono
884 2487 957 2554 tter
985 2487 1096 2552 tonos
1138 2488 1202 2567 per
1231 2464 1397 2566 diapente
1423 2467 1469 2546 ad
1499 2469 1689 2572 diapason.
1721 2472 1810 2553 ficut
1838 2477 1982 2556 reitera-

254 2602 383 2669 acutos
406 2589 582 2664 continue
608 2585 779 2674 intendo,
811 2587 875 2688 qui
900 2585 1034 2674 sunta.
1062 2586 1095 2662 b.
1138 2589 1200 2653 tur
1230 2573 1464 2666 diatessaron,
1495 2578 1569 2662 hoc
1595 2596 1716 2661 tamen
1743 2587 1862 2687 potest
1890 2596 1980 2668 con-

254 2697 291 2778 h.
318 2719 349 2778 o
389 2697 427 2776 da
461 2718 492 2776 c.
520 2696 555 2775 d.
591 2695 722 2776 deinde
754 2697 859 2799 super
891 2709 1095 2776 macutum
1137 2689 1282 2804 tingere
1324 2711 1391 2790 per
1425 2692 1699 2771 tetrachordum
1732 2699 1978 2804 'ueniundum

254 2807 381 2888 sonno
404 2805 637 2898 diatessaron,
668 2807 769 2911 quod
796 2805 839 2886 iit
868 2831 897 2888 a.
922 2805 946 2884 f.
972 2809 1041 2886 erit
1063 2829 1094 2887 c.
1138 2797 1196 2876 vel
1218 2798 1380 2884 divisum.
1428 2797 1474 2880 ht
1493 2799 1540 2881 hc
1558 2805 1598 2881 in
1616 2805 1762 2888 duobus
1781 2811 1980 2916 tetrachor-

252 2917 488 2999 semitonium
519 2921 662 3009 minus,
694 2920 732 2997 dr
754 2917 777 2996 f.
801 2919 834 2996 d.
864 2919 1095 2999 semitonium
1138 2909 1193 2988 dit
1221 2911 1425 2989 construitis
1456 2929 1565 2994 erunt
1599 2931 1758 3018 quatuor
1783 2924 1864 2998 toni
1893 2945 1978 3002 cum

255 3035 373 3112 maius
417 3029 462 3110 ¹ln
490 3044 593 3135 parte
617 3032 717 3131 graui
747 3033 815 3109 ita:
846 3032 890 3110 ab
915 3054 944 3108 o.
977 3034 1111 3110 intem·
1138 3021 1283 3101 duobus
1302 3021 1499 3102 semitoniis
1519 3031 1733 3108 minoribus.
1775 3027 1822 3111 Et
1845 3036 1978 3115 iterum

253 3142 306 3227 do'
330 3141 563 3233 semitonium
586 3141 778 3221 minusad
804 3141 838 3220 d.
871 3142 907 3218 ἃ
933 3158 953 3219 a
977 3142 1012 3219 d,
1027 3150 1096 3221 τι.
1139 3131 1246 3234 super
1282 3132 1392 3213 finem
1430 3135 1577 3216 secundi
1606 3141 1840 3246 tetrachordi·
1859 3146 1981 3245 potest

254 3256 421 3335 mittatur
444 3266 554 3335 tonus
580 3252 624 3333 ad
649 3277 679 3333 e,
704 3254 773 3331 erit
796 3276 826 3331 a,
855 3277 886 3331 e,
908 3255 1022 3333 maius
1045 3250 1105 3334 [ας
1136 3244 1286 3322 formari
1310 3248 1478 3335 tertium,
1507 3249 1545 3325 de
1565 3250 1857 3354 ultraquantum
1877 3255 1975 3338 libet.

254 3366 455 3445 mitonium
478 3368 516 3443 in
541 3365 643 3467 graui
666 3372 767 3467 parte
792 3375 992 3469 receptum.
1138 3354 1373 3438 ntsroouon
1392 3358 1443 3435 est
1465 3360 1758 3453 tetrachordum,
1776 3356 1878 3444 ,curn
1898 3368 1979 3469 post

1125 3466 1305 3547 'ultimam
1332 3466 1508 3547 chordam
1532 3473 1643 3573 primi
1664 3476 1886 3556 tetrachordi
1912 3500 1980 3580 po·

1137 3580 1238 3657 nitur
1266 3577 1402 3657 chorda
1423 3579 1555 3660 distans
1583 3586 1628 3688 ah
1654 3583 1769 3686 spatio
1794 3582 1977 3678 'toni,=&

1137 3688 1245 3793 super
1280 3712 1358 3768 eam
1397 3689 1578 3793 reperitur
1610 3695 1908 3789 tetrachordum,
1940 3702 1977 3780 dr

1138 3797 1186 3879 iic
1202 3800 1391 3903 quousque
1408 3801 1505 3882 libet.
1554 3803 1596 3885 In
1616 3805 1760 3888 duobur
1780 3810 1976 3891 tetrachor-

1137 3910 1194 3991 dia
1224 3912 1427 3992 coniunctis
1460 3914 1542 3995 sunt
1572 3915 1709 4021 septem
1741 3918 1909 4013 chorda,
1930 3926 1977 4003 io

1137 4021 1322 4103 diriundic
1353 4037 1478 4105 autem
1519 4028 1617 4109 odo.
1661 4029 1764 4111 Patet
1803 4055 1851 4110 ex
1893 4032 1977 4123 hoc

1138 4134 1240 4241 quod
1270 4136 1309 4214 iu
1343 4134 1511 4248 diapason
1549 4140 1634 4221 sunt
1665 4142 1742 4223 duo
1781 4144 1978 4250 tetrachor-

1139 4244 1184 4323 da
1210 4246 1401 4327 coniuratio
1421 4243 1459 4326 de
1478 4255 1574 4330 unus
1593 4266 1713 4334 tonus.
1746 4254 1787 4335 ln
1805 4280 1851 4357 eo
1870 4260 1977 4336 etiarn

1138 4355 1222 4437 suut
1249 4357 1326 4438 duo
1360 4360 1588 4441 tetrachorda
1622 4363 1976 4470 duioottapraecise

1209 4466 1251 4546 In
1279 4468 1453 4551 diuisione
1483 4474 1729 4567 tetrachordi,
1751 4480 1828 4556 hoc
1850 4480 1901 4558 est
1927 4482 1981 4558 di·

1142 1411 1217 1494 His
1239 1402 1412 1516 expeditis
1435 1419 1709 1498 monochordum
1725 1416 1824 1522 scire
1851 1417 1983 1506 uelitis.

284 3524 361 3607 Hic
380 3539 541 3625 propono
555 3548 714 3623 gravam
735 3522 798 3603 uei
817 3536 960 3603 acutum
975 3546 1068 3603 rum-

568 3660 630 3714 ma
655 3635 785 3716 detera.

311 3746 355 3831 ln
371 3759 481 3828 acuto
496 3746 541 3826 ab
555 3746 596 3827 rh
614 3748 659 3827 ad
674 3746 713 3827 B.
733 3750 846 3829 maius
862 3746 1095 3829 semitonium

253 3858 478 3966 intendatur,
492 3882 512 3937 a
526 3883 601 3960 quo
617 3861 655 3937 in
670 3858 715 3939 C.
727 3861 848 3939 minua
864 3860 1096 3951 semitonium

253 3972 480 4057 remittatur,
511 3972 548 4049 dc
572 3972 642 4051 erit
661 3971 702 4050 A.
724 3992 881 4049 comma
929 3970 973 4051 ln
994 3971 1096 4072 graui

253 4084 300 4163 ab
324 4082 365 4161 d
385 4080 430 4167 ad
452 4076 501 4159 D.
527 4084 648 4162 minus
671 4076 915 4167 semitonium¹
930 4078 1097 4161 intenda-

252 4208 335 4301 tur,
355 4217 375 4272 a
391 4192 530 4295 quoad
547 4192 591 4277 C.
609 4196 724 4281 maius
741 4196 962 4283 remittatur,
981 4193 1020 4271 dc
1037 4192 1098 4272 dat

253 4300 294 4385 E.
325 4326 472 4399 comma
508 4326 628 4405 grave.
687 4304 741 4385 ld¹
757 4304 905 4385 Boetius
938 4302 986 4383 [ic
1018 4304 1098 4401 tuit

253 4416 425 4521 condere.
475 4413 534 4497 sn
555 4440 585 4494 a.
613 4415 649 4495 d.
675 4428 809 4506 tonus,
837 4434 869 4497 a.
894 4417 928 4495 b.
949 4414 1097 4494 semito-

252 4530 359 4608 nium
376 4528 516 4614 minus’
536 4528 571 4605 b·
588 4550 617 4607 α
637 4530 745 4606 “³²⁰¹
768 4528 907 4617 minus’
929 4530 999 4605 “it
1014 4550 1044 4605 ⁰·
1061 4526 1096 4605 d·
1138 4486 1334 4671 {tessaram
1365 4596 1502 4661 veteres
1528 4586 1715 4688 tripliciter
1740 4589 1859 4669 locuti
1887 4589 1980 4671 sunt.

253 4660 421 4725 comma,
448 4637 650 4721 differentia
672 4640 757 4719 cd
782 4634 825 4717 iit
846 4638 868 4716 1.
897 4638 1098 4718 differentia
1138 4688 1266 4770 Primo
1290 4695 1388 4773 enim
1412 4694 1609 4776 diviserunt
1625 4699 1741 4802 ipsum
1765 4724 1831 4803 pet
1850 4717 1982 4783 tonum

1143 4802 1179 4879 dt
1199 4816 1333 4883 tonum
1353 4829 1439 4885 cum
1462 4809 1677 4900 semitonio,
1699 4825 1742 4889 ut
1761 4812 1897 4893 didurn
1919 4814 1982 4903 est,

253 4973 335 5053 tum
358 4995 425 5077 pes
443 4970 603 5077 quatum
622 4966 812 5079 plumat
831 4995 940 5077 quam
960 4996 1011 5052 m·
1047 4972 1105 5057 si.
1143 4912 1231 4995 huic
1251 4930 1410 5122 ἳιιίατὲοῐ
1433 4917 1592 5000 chordas
1612 4938 1984 5117 apponentemngua.
