4750 6025
317 626 319 631 ,
369 565 454 685 42
967 544 1118 641 8121AE
1164 542 1525 640 SALOMONIS

372 738 494 821 nutius
514 734 560 817 ab
575 755 706 821 aarum
733 726 861 811 nonna
884 724 1099 815 excusetur.
1121 721 1220 809 mn..
1261 727 1303 807 a
1329 746 1377 805 ιι
1404 719 1608 813 „mame
1632 729 1785 823 quarm
1807 714 1939 819 raupa
1958 712 1998 791 e
2018 709 2115 801 aare.

372 870 415 935 to
435 856 556 932 minua
575 870 686 954 quam
702 846 747 930 ab
773 842 980 945 ignorantia
999 838 1097 919 iuria.
1142 832 1222 919 Ve-
1262 838 1326 920 ubi
1348 837 1478 917 tertiur
1515 832 1617 925 linit,
1647 834 1686 912 de
1712 831 1800 912 lacit
1825 842 1977 931 quartus
2000 838 2116 903 tonur

374 989 457 1045 rum
486 964 555 1053 eil,
586 958 692 1065 quod
714 971 875 1062 quatuor
897 953 999 1041 toni,
1027 946 1221 1041 secundun
1262 949 1431 1050 regulum
1454 946 1577 1036 suam,
1606 956 1672 1033 aut
1695 942 1780 1033 aliar
1804 939 2033 1043 reputabitur
2049 932 2118 1013 eli-
2278 1007 2279 1010 ι

374 1094 551 1181 quartur,
581 1073 733 1159 sextus,
763 1067 911 1153 ortatur
952 1061 1086 1165 speciet
1127 1058 1223 1149 sunt,
1266 1061 1371 1165 quod
1394 1058 1695 1145 monstruosum,
1716 1052 1822 1158 quod
1840 1050 1907 1135 suo
1925 1074 2004 1131 nou
2021 1070 2119 1133 cuu-

376 1209 418 1270 ut
453 1188 589 1276 ditium
625 1184 697 1271 cll,
728 1180 885 1261 aliorum
916 1190 1075 1279 quatuor
1110 1186 1227 1252 tono.
1266 1175 1371 1275 gruit
1396 1170 1576 1262 uniuerso.
1631 1168 1717 1258 Nec
1739 1168 1854 1283 igitur
1876 1178 1921 1245 ut
1940 1159 2118 1263 ungulari

376 1325 481 1385 rum:
503 1292 708 1399 seculorum
743 1292 826 1380 suut
876 1287 1011 1391 speclea
1053 1286 1225 1369 omnium
1267 1284 1437 1366 credetur
1460 1339 1473 1374 ,
1496 1306 1578 1373 nec
1613 1280 1708 1373 illie,
1744 1282 1809 1387 qui
1844 1277 1929 1369 talio
1962 1274 2120 1363 scienter

378 1414 463 1495 ullo
483 1428 683 1489 tonorum:
708 1404 950 1507 antiphone,
974 1394 1132 1486 Officia,
1153 1393 1227 1475 Re·
1270 1393 1465 1487 affirmant.

378 1522 566 1625 sponsoria
595 1518 837 1605 eorumdem,
858 1510 1030 1599 Alleluia,
1053 1506 1228 1591 Offerem
1342 1556 1346 1561 -
1558 1553 1705 1639 mm
1725 1550 1822 1642 XX

379 1638 456 1725 dae,
486 1632 806 1717 Commuuiouea,
837 1626 876 1704 dr
904 1647 1035 1704 omner
1056 1621 1116 1699 alii
1142 1642 1229 1707 can·
1794 1639 1802 1651 ·

379 1765 460 1835 tur,
492 1750 718 1850 quicumque
740 1741 898 1828 luerint,
928 1734 1036 1822 nullo
1054 1747 1227 1849 excepto.
1268 1733 1327 1824 Dr
1354 1734 1518 1837 prodire
1556 1730 1738 1823 clunium,
1778 1729 1937 1834 qualiter
1972 1724 2122 1813 delam

380 1874 559 1939 tonorum
609 1850 731 1939 amissa
781 1850 975 1951 suffragia,
1010 1844 1114 1951 quod
1153 1842 1229 1924 aliu
1526 1848 1584 1925 uti
1597 1844 1780 1946 sufflando.
1809 1843 1865 1946 (a)

382 1972 498 2051 modu
536 1966 616 2049 fieri
645 1990 724 2045 non
760 1963 900 2068 potest,
940 1963 979 2040 dr
1012 1959 1121 2039 floret
1153 1954 1231 2036 stu

381 2085 533 2185 sineque
571 2096 750 2158 tonorum
791 2078 925 2162 merito
957 2086 1230 2173 nuncupantur.

381 2194 452 2273 Sed
474 2196 538 2294 qui
562 2192 661 2275 secus
684 2189 731 2268 de
752 2188 862 2271 huius
884 2187 969 2265 attia
993 2184 1173 2285 regimine
1192 2181 1232 2259 de

383 2327 508 2384 natura
536 2322 858 2407 quorumcumque
887 2294 1172 2401 premissorum,
1189 2304 1234 2372 ut

384 2418 547 2519 superius
575 2415 713 2501 dilium
740 2413 815 2501 est,
845 2433 912 2514 per
941 2423 1064 2489 totum
1092 2405 1231 2494 sentiet,

384 2548 573 2630 tamquam
612 2526 800 2627 ignoranti
838 2524 1016 2629 principia
1053 2541 1133 2605 uun
1180 2516 1233 2606 eli

383 2637 654 2743 opponendum
678 2660 746 2719 uec
771 2634 1092 2737 respondendum,
1111 2629 1171 2711 sed
1191 2642 1234 2712 ut

384 2776 501 2833 cneus
524 2752 563 2828 iu
588 2750 737 2829 foueam
762 2748 877 2837 cadat,

1328 2006 1392 2101 De
1413 2008 1644 2094 concidentia
1669 2010 1708 2092 dr
1731 2009 1939 2090 mutatione
1963 2006 2125 2093 clarium

1272 2123 1313 2201 in
1335 2120 1469 2203 eodem
1493 2122 1630 2224 pundo
1650 2126 1688 2201 in
1712 2121 1974 2226 prosecutione
1993 2120 2125 2224 parma

1274 2233 1406 2314 melior
1433 2234 1597 2315 dodrioa
1623 2257 1702 2316 uon
1731 2234 1851 2336 potest
1878 2235 1976 2325 dari,
2009 2254 2125 2337 quam

1273 2344 1389 2450 polita
1411 2348 1462 2427 est
1479 2348 1519 2425 in
1542 2346 1673 2451 palma.
1718 2347 1819 2428 Nam
1842 2362 1958 2450 prout
1982 2341 2029 2425 in
2047 2343 2128 2447 pal.

1274 2482 1341 2539 mrt
1376 2463 1612 2551 continetur,
1642 2456 1879 2541 necessarium
1915 2460 1988 2549 est,
2020 2456 2126 2563 quod

1272 2570 1418 2677 punuu
1445 2575 1483 2656 dr
1508 2572 1638 2652 litteris
1662 2586 1722 2653 tot
1748 2573 1869 2654 modis
1896 2588 2048 2658 utantur
2073 2570 2129 2658 se·

1274 2684 1438 2789 cundum
1478 2682 1720 2772 diversitatem
1752 2702 1931 2778 cantuum
1974 2687 2013 2765 ἀ
2052 2684 2129 2769 cla·

1273 2799 1405 2886 vium,
1436 2810 1479 2879 ut
1513 2800 1552 2876 in
1587 2800 1714 2877 eadem
1753 2823 1820 2902 per
1860 2798 2126 2903 inspediouetn

440 2910 498 2993 Ad
523 2933 707 2998 errorem,
737 2910 860 3013 quiin
886 2904 1106 3010 quibusdam
1130 2903 1232 2983 librir
1274 2922 1459 3014 apparet,
1482 2908 1588 2996 nullu
1623 2909 1791 2999 addito,¹
1810 2910 1917 2992 nullo
1953 2926 2126 2991 remoto:

385 3029 620 3113 continetur,
641 3023 678 3100 ἃ
702 3019 960 3125 phantasticam
981 3019 1232 3103 credulitatem
1274 3021 1350 3103 hoc
1385 3036 1551 3103 teneatur
1588 3047 1659 3125 pro
1693 3037 1819 3113 certo,
1850 3027 1891 3106 de
1929 3027 1995 3129 qui
2025 3025 2130 3104 aliter

387 3133 656 3240 quorumdum.
688 3135 752 3235 qui
780 3133 925 3241 dicunt,
953 3132 1059 3234 quod
1083 3144 1233 3234 quartur
1275 3148 1461 3224 uteretur,
1485 3137 1525 3214 iu
1551 3138 1681 3214 uitium
1711 3135 1804 3216 salire
1828 3135 1972 3218 mulicae
1991 3137 2132 3218 labere.

387 3263 503 3328 tonus
524 3247 610 3326 facit
633 3243 800 3347 regulam
825 3244 923 3324 suam
950 3245 989 3321 iu
1010 3241 1051 3326 F.
1078 3257 1120 3324 ut
1151 3241 1236 3323 sunt
1275 3261 1346 3334 tur.
1392 3245 1536 3342 Tamen
1555 3247 1761 3328 notandum
1783 3249 1896 3331 estad
1920 3249 2131 3338 inllrudio·

387 3383 565 3448 erronea,
596 3357 750 3436 nonest
778 3353 1011 3439 necessarium
1041 3353 1238 3457 respoude-
1277 3381 1362 3438 uem
1399 3362 1609 3449 minorum,
1641 3363 1704 3462 qui
1738 3360 1905 3452 solliant,
1937 3365 2041 3468 quod
2069 3387 2133 3444 ιιι.

388 3487 438 3554 re.
487 3469 630 3553 Verum
674 3465 701 3558 fi
741 3466 975 3570 responsione
1012 3467 1235 3568 indigerent,
1277 3483 1403 3558 erant,
1434 3476 1471 3548 in
1498 3473 1690 3581 quatiere
1717 3475 2001 3574 incipitcantur
2029 3475 2129 3567 snut,

389 3583 510 3687 potest
535 3581 630 3670 dici,
662 3579 789 3683 quod,
820 3595 998 3684 quantum
1038 3577 1142 3660 dirae
1172 3599 1237 3656 or.-
1278 3583 1317 3668 dr
1364 3583 1476 3684 ipsam
1511 3584 1680 3668 audasler
1714 3585 1981 3689 prosequantur
2015 3587 2134 3694 usquo

387 3713 446 3774 rur
474 3695 520 3770 ab
552 3691 770 3784 occidente,
798 3705 942 3772 tentum
977 3691 1082 3779 dillat
1109 3705 1237 3772 natura
1276 3690 1473 3773 incudem
1500 3696 1642 3786 modo,
1673 3720 1750 3799 quo
1780 3700 1958 3802 procedet
1986 3718 2132 3783 cantur.

390 3806 436 3884 de
464 3804 502 3884 F.
535 3807 581 3882 ad
611 3803 705 3893 hoc,
741 3825 784 3882 nt
816 3802 990 3888 habeatur
1016 3825 1086 3908 pro
1108 3802 1237 3902 regula
1278 3802 1499 3889 Tuncrum
1524 3806 1635 3888 suerit
1656 3809 1703 3888 ad
1725 3807 1782 3901 lo,
1802 3807 1830 3890 fi
1854 3828 1985 3903 cantur
2009 3813 2136 3894 escen

390 3919 510 4020 quarti
537 3917 641 4000 toni:
671 3918 736 4018 qui
755 3927 867 3994 tonus
888 3916 1027 4018 appetit
1051 3911 1149 4015 quali
1165 3935 1236 4016 pro
1278 3915 1381 3995 deret
1410 3916 1597 4019 superior,
1626 3935 1719 4001 tunc
1747 3939 1873 4004 mutet
1899 3927 1938 4004 dr
1973 3925 2137 4013 resumat

392 4031 520 4106 maiori
552 4043 678 4129 parte,
722 4029 882 4108 maxime
913 4031 951 4106 in
985 4026 1237 4128 principio&
1277 4027 1414 4114 clarem
1468 4037 1584 4130 magis
1625 4036 1872 4140 propinquam
1924 4035 1977 4117 illi
2022 4039 2134 4130 clati,

392 4143 430 4217 in
457 4137 554 4227 fine,
584 4137 724 4239 semper
752 4135 902 4238 plangi,
932 4135 971 4220 F.
1010 4159 1235 4238 numquam:
1277 4161 1387 4240 quam
1415 4139 1647 4224 necessarium
1676 4146 1728 4226 est
1751 4146 1958 4238 dimittere,
2001 4153 2040 4230 dr
2064 4175 2138 4254 per

391 4255 470 4329 imo
503 4267 643 4333 remota
669 4249 720 4335 eli
744 4249 907 4332 totaliter
931 4273 951 4329 a
980 4263 1106 4329 nature
1135 4249 1238 4348 plan·
1277 4249 1374 4328 iilam
1407 4251 1569 4332 imiliter
1590 4254 1757 4349 ascendat
1783 4261 1896 4362 usque
1921 4262 1977 4341 la:
2010 4265 2047 4345 dr
2082 4261 2140 4346 lic

391 4361 610 4463 gandi,.ut
649 4362 700 4450 eli
736 4359 879 4452 littera,
918 4361 956 4440 dr
996 4375 1038 4449 ut
1072 4359 1234 4461 punduu
1279 4361 1325 4442 de
1345 4361 1494 4470 lingulis
1515 4367 1766 4457 ascendendo,
1795 4375 1833 4448 dr
1856 4374 2137 4466 descendendo,

393 4472 487 4555 item
511 4495 576 4575 per
601 4494 663 4563 er,
693 4495 776 4574 que
807 4471 899 4559 disla
923 4472 1029 4559 suut,
1058 4470 1162 4576 quod
1186 4469 1239 4550 se-
1280 4497 1365 4560 cum
1388 4477 1498 4557 suerit
1526 4480 1562 4555 in
1590 4490 1650 4575 ut:
1679 4478 1845 4562 similiter
1866 4483 1893 4567 si
1924 4490 2041 4590 magio
2068 4489 2143 4568 de-

391 4585 675 4666 cundurtonue
706 4585 903 4687 incipit&
936 4582 1043 4672 linit,
1075 4584 1138 4662 ubi
1165 4585 1241 4684 pri·
1281 4585 1451 4667 scendere
1473 4588 1653 4679 voluerit,
1675 4591 1833 4679 resumet
1852 4595 1994 4682 clarem
2014 4603 2141 4703 magia

392 4719 498 4792 mur3
519 4698 639 4796 seretur
665 4696 795 4797 incipit
819 4696 857 4774 de
881 4693 961 4773 finit
985 4695 1048 4776 ubi
1066 4699 1239 4797 quintue3
1281 4711 1401 4800 uptam
1426 4697 1500 4778 sibi.
1543 4700 1621 4782 illia
1637 4701 1801 4784 dodrina
1820 4711 2015 4816 perusiam
2035 4715 2108 4792 riac

392 4809 542 4890 odiatur
571 4809 636 4888 ubi
666 4805 869 4910 septimus:
913 4829 978 4909 per
1015 4805 1242 4909 consequens
1281 4808 1359 4888 dari
1397 4834 1474 4890 nou
1511 4813 1631 4916 potest
1668 4813 1799 4904 melior
1837 4819 1956 4922 ligura
1991 4824 2116 4928 palma
2283 4850 2284 4913 4

2025 4933 2073 5026 sit

390 5047 2113 5091 mmm—-

432 5099 480 5180 (ι)
499 5099 575 5160 nn·
594 5097 733 5172 nune,
754 5099 783 5160 ιι
804 5097 859 5170 ιι,
881 5107 960 5160 ιω
980 5097 1090 5161 nmo·
1110 5115 1223 5170 m,
1244 5099 1396 5174 rsus·

2282 4988 2284 5075 ι
