4750 6025
1325 565 3303 907 PRAEFATIO-

1375 1357 1379 1365 ‘
1644 1397 1646 1404 ⁴
1707 1357 1883 1469 isso
1946 1353 2663 1507 pseudonymo
2726 1366 2986 1467 inter
3049 1395 3354 1506 opera
3378 1356 4008 1475 Ven.Bnnffl

1395 1561 1399 1571 ·
1639 1607 1641 1613 .
1787 1513 1914 1622 T.
1941 1514 2009 1621 Ι.
2067 1530 2294 1660 pag.
2352 1545 2621 1658 372.
2684 1521 2811 1623 de
2872 1511 3246 1624 mufica
3306 1517 3792 1664 quadrata
3843 1512 4013 1623 seu

1791 1668 2349 1777 mensurata
2412 1670 2959 1815 scriptore,
3033 1681 3400 1779 merito
3462 1665 4011 1809 antefigna-
4065 1793 4070 1798 .

1640 1865 1643 1866 f
1787 1864 2041 1936 num
2126 1822 2522 1933 muficae
2593 1824 2949 1935 nostrae
3031 1828 3607 1953 hodiernae,
3690 1862 4009 1974 quam

1050 2114 1070 2130 ᾗ
1154 2102 1162 2110 „
1367 2102 1371 2106 ¹
1691 2011 1694 2014 “
1783 1978 2312 2122 figuratam
2378 1983 2870 2109 dicimUS‚
2978 1982 3574 2165 Magistrum
3635 1984 4008 2091 FRAN-

1500 2187 1510 2200 ·
1667 2242 1671 2246 ,
1787 2163 2214 2246 CONEM
2267 2132 2895 2279 Partstezgsem
2959 2145 3443 2282 ponimus
3505 2147 3607 2244 in
3668 2136 4008 2250 fronte

954 2314 966 2326 ’
1042 2290 1054 2302 '⁶
1587 2314 1619 2407 Σ
1783 2298 2108 2403 ultimi
2193 2296 2496 2401 huius
2578 2298 3218 2444 Scriptorum
3323 2320 3794 2403 veterum
3874 2298 4000 2401 de

1770 2478 2076 2560 cantu
2136 2453 2240 2559 &
2293 2443 2674 2557 mufica
2717 2446 3299 2557 voluminiS.
3489 2451 3655 2558 An
3726 2451 4002 2558 hunc

535 2598 705 2711 vel
750 2525 1066 2711 alium
1110 2604 1882 2715 FRANCONEM
1951 2610 2818 2718 Io.SPADAR1Us
2879 2615 2983 2709 in
3056 2597 3628 2712 defensione
3689 2618 4001 2746 magi-

537 2758 703 2869 ἦα
746 2758 896 2869 sui
961 2760 1312 2869 Barth.
1366 2765 1701 2872 RA'MI
1772 2764 2361 2873 Germanum
2456 2763 2581 2868 de
2622 2759 3047 2869 Colonia
3135 2769 3685 2890 nominet,
3750 2800 3992 2870 cum

533 2925 746 3025 eius
796 2915 1018 3024 libri
1065 2917 1318 3022 mihi
1379 2924 1673 3063 copia
1730 2954 1946 3024 non
2006 2913 2185 3045 fit,
2239 2955 2405 3025 me
2464 2914 2734 3024 latet.
2845 2916 3124 3025 Eum
3185 2915 3837 3027 GESNERUS
3887 2929 3993 3028 in

529 3069 1002 3183 biblioth.
1076 3071 1494 3218 Anglum
1545 3071 1837 3201 facit,
1881 3074 2247 3182 Italum
2296 3110 2545 3183 vero
2573 3075 3276 3181 ΒΟΝΤΕΜΡΙ..
3379 3070 3489 3180 Ρ.
3516 3078 3662 3182 Io.
3689 3080 3983 3221 ,Rapa

530 3233 1105 3341 Manum
1185 3237 1292 3332 in
1353 3227 1521 3333 sua
1578 3235 1918 3342 Storia
2000 3237 2258 3346 della
2340 3227 2695 3366 musica
2748 3230 2882 3338 T.
2925 3235 2994 3338 1.
3048 3272 3148 3376 p.
3211 3239 3471 3371 169.
3617 3233 3991 3340 FRAN-

529 3420 999 3503 CONEM.
1035 3395 1492 3503 nostrum
1547 3392 2196 3541 probabiliter
2241 3391 2428 3499 sec.
2479 3391 2659 3498 Xl.
2690 3383 3148 3532 scripsisse
3213 3387 3567 3495 censet.
3711 3395 3986 3499 Ioan.

529 3550 1515 3663 SALlsBERIENsls
1589 3580 1939 3679 certe,
2053 3557 2234 3698 qui
2274 3573 2781 3685 vergente
2873 3544 3051 3655 sec.
3102 3546 3320 3652 Xll.
3379 3541 3793 3672 floruit,
3877 3558 3981 3655 in

526 3703 711 3815 suo
747 3702 1268 3848 polycrate·
1305 3705 1535 3817 Lib.
1605 3709 1678 3814 Ι.
1771 3742 1859 3813 c.
1929 3714 2034 3819 6.
2097 3714 2196 3810 in
2264 3696 2647 3816 mufica
2712 3699 2853 3808 sui
2944 3711 3432 3845 temporis
3498 3730 3983 3809 notarum

526 3858 1387 4010 articulorumque
1443 3854 1848 3970 caesuras
1903 3869 2286 4005 carpit,
2369 3857 2772 4007 quales
2744 3897 2847 3965 m
2922 3853 3295 3973 musica
3352 3858 3988 3969 mensurabili

523 4015 1228 4126 FEANCONIS
1316 4010 2259 4164 deprehenduntur:
2325 4051 2551 4162 quae
2608 4045 3185 4124 ramentum
3233 4022 3764 4164 quoddam
3812 4058 3986 4130 ve·
4047 4081 4051 4085 -

522 4161 1074 4279 tustiffimae
1133 4165 1529 4281 muficae
1612 4174 2220 4319 rhythmicae
2319 4173 2517 4278 dici
2604 4173 3001 4316 potest,
3118 4170 3281 4279 sed
3353 4185 3980 4316 variegatum

517 4329 1150 4434 admodum.
1234 4365 1473 4435 cum
1540 4354 1832 4436 vetus
1893 4325 2048 4440 illa
2099 4337 2201 4432 in
2243 4324 2729 4436 divisione
2784 4326 3382 4476 syllabarum
3441 4329 3981 4471 longarum

522 4487 630 4587 &
687 4481 1155 4595 brevium
1211 4481 1447 4594 scite
1501 4481 2090 4668 composita
2114 4485 2314 4594 ‘sese
2348 4495 3014 4615 continuerit,
3081 4527 3188 4596 re
3252 4495 3739 4603 omnibus
3798 4526 3983 4610 no.-

524 4661 631 4742 ’.Ἴ
691 4642 800 4747 δε
854 4639 1316 4779 vulgari,
1393 4652 1774 4789 quippe
1835 4643 2071 4751 teste
2137 4641 3017 4790 QJINTILIANO
3069 4650 3500 4783 Institut.
3569 4648 3745 4758 lib.
3791 4634 3969 4758 ΙΧ.

637 4825 752 4940 4.-
793 4793 1187 4940 longam
1239 4793 1418 4942 ff·
1475 4789 1879 4910 duorum
1934 4821 2531 4947 temporum,
2590 4799 2975 4911 brevem
3028 4813 3351 4939 unius,
3420 4813 3723 4926 etiam
3734 4830 3975 4956 pue-

603 4945 1026 5092 fetant
3092 5075 3097 5078 ,
3946 5083 3950 5087 ,

2607 5107 2720 5262 ><
2785 5146 2855 5229 2
3636 5116 3868 5233 Par..
