4750 6025
74 145 318 342 sv-*wn
402 145 476 154 -=·-—-

647 568 1049 657 uuor-nantum
1093 568 1334 663 murrea
1376 573 1603 665 annua.
1883 583 2000 708 1⁴17

322 739 416 834 'nec
438 751 478 830 in
500 749 624 855 primo
651 749 689 831 ἃ
715 753 752 831 in
776 751 928 834 ottavo:
960 749 1228 857 &iiponatur
1254 759 1292 837 in
1318 757 1348 838 A
1375 763 1500 862 gravi,
1531 759 1681 875 proprIe
1704 759 1744 844 io
1771 758 1942 849 i'ecuudo.
2079 750 2083 759 ¹

608 861 748 953 „Sexta
773 884 820 942 ex
846 879 966 955 tono,
996 865 1193 983 semitonio
1222 869 1260 950 ἀ
1285 869 1443 965 ditono,
1474 887 1517 955 ut
1536 870 1627 954 liic:
1802 886 1804 893 '

949 1060 955 1107 ι
1048 1025 1138 1110 Haec
1162 1029 1318 1134 species,
1344 1057 1435 1122 ¹raro
1457 1039 1497 1116 in
1522 1041 1667 1139 primo,
1695 1035 1788 1144 mpe
1809 1038 1849 1118 in
1873 1037 2000 1136 seeum

949 1124 955 1244 1
1006 1139 1057 1220 do
1084 1142 1122 1221 be
1149 1145 1358 1235 inuitato,
1389 1147 1585 1250 aliquando
1608 1152 1646 1228 in
1666 1165 1799 1252 quarto
1819 1152 1857 1233 δι
1879 1150 1997 1234 sexto.

949 1261 955 1312 ¹
995 1251 1155 1358 Septima
1173 1278 1221 1336 ex
1237 1255 1476 1362 semiditono,
1499 1259 1698 1344 &duobus
1717 1267 1836 1353 tonia.
1856 1277 1899 1346 ut
1914 1263 1998 1346 bie:

1033 1445 1123 1531 Huc
1142 1447 1277 1554 species
1298 1452 1337 1531 in
1357 1454 1482 1555 primo
1503 1456 1542 1534 ἃ
1561 1457 1599 1534 io
1620 1455 1776 1547 ottavo,
1799 1454 1997 1562 aliquando

266 1453 979 1754 ᾗ
993 1561 1031 1640 in
1052 1560 1174 1642 sexto:
1198 1560 1224 1642 u
1244 1587 1335 1644 vero
1355 1565 1498 1672 locetur
1520 1570 1558 1646 in
1582 1567 1615 1646 A
1632 1570 1753 1668 graui,
1772 1569 1995 1658 insecundo.

977 1715 979 1720 ·
1033 1671 1205 1779 oona..
1225 1699 1305 1780 quae
1327 1675 1369 1756 fit
1390 1700 1441 1757 ex
1465 1702 1543 1758 uno
1565 1679 1777 1773 intervallo.
1804 1695 1848 1764 ut
1869 1679 1955 1765 bie:

266 1859 848 2160 ᾖ
902 1899 993 1982 Haec
1014 1913 1135 1981 autem
1159 1901 1293 2005 species
1316 1902 1455 2012 semper
1477 1909 1516 1985 iu
1539 1907 1685 2016 primo.
1713 1906 1911 2015 aliquando
1932 1930 1998 1992 tu·

865 2029 939 2094 tem
963 2015 1003 2095 in
1024 2026 1166 2122 quarto.

324 2273 396 2360 Sed
422 2275 631 2360 notandum
649 2273 721 2366 est,
750 2277 854 2380 quod
876 2275 1009 2380 species
1034 2273 1110 2354 dia·
1149 2285 1236 2368 tut.
1265 2275 1386 2359 videte
1405 2288 1591 2380 oportet,
1618 2279 1708 2383 quid
1740 2268 1785 2359 nt
1812 2281 1994 2384 quantitate

267 2401 397 2490 pente,
428 2413 509 2492 quae
532 2388 573 2468 fit
595 2412 642 2468 ex
667 2407 746 2470 uuo
770 2388 982 2476 intervallo,
1004 2407 1110 2490 ‘quae-
1150 2390 1188 2465 in
1231 2386 1373 2468 musice
1434 2389 1506 2468 Ubi
1546 2390 1733 2470 sciendum
1779 2391 1849 2481 est,
1892 2392 1995 2495 quod

266 2521 426 2602 cumque
458 2498 535 2591 srt,
552 2499 613 2580 ilie
649 2501 699 2580 est
736 2514 843 2580 tantm
876 2500 1108 2588 auiioritatia,
1147 2504 1333 2602 quantitas
1363 2504 1402 2578 iu
1432 2499 1564 2580 musaea
1599 2503 1666 2582 alia
1695 2505 1894 2592 conuuua.
1928 2503 1996 2583 alia

267 2612 369 2714 quod
399 2610 423 2690 st
448 2614 487 2692 in
514 2636 592 2696 uno
617 2625 728 2692 cantu
750 2615 805 2690 bie
829 2611 886 2690 vel
910 2626 964 2690 ter
988 2634 1110 2711 reper-
1151 2611 1300 2690 discreta
1320 2613 1462 2692 dicitur.
1495 2611 1700 2693 Continuo
1726 2617 1826 2699 enim
1852 2618 1997 2718 quanti·

267 2720 362 2804 enisa
381 2722 510 2815 fuerit,
527 2717 867 2826 quantumcumque
886 2723 965 2801 talis
982 2736 1109 2802 mutua
1151 2737 1205 2801 tau
1232 2725 1271 2800 in
1294 2723 1424 2803 mustea
1452 2723 1527 2812 est.
1558 2749 1639 2826 que
1666 2727 1884 2826 magnitudo
1905 2725 1996 2806 dici·

268 2833 479 2923 descendat.
497 2833 632 2914 etiamfi
650 2859 725 2913 uon
743 2835 907 2914 ascendat
924 2833 1018 2914 ultra
1035 2833 1110 2911 dia·
1152 2848 1238 2929 tur3
1277 2858 1359 2937 quae
1390 2835 1538 2938 quidem
1559 2839 1610 2917 est
1640 2839 1677 2914 io
1713 2839 1789 2916 eius
1808 2836 1995 2929 subitatio,

266 2945 616 3051 pertransiremus
633 2959 760 3027 cantur
780 2943 1112 3027 authenticuadici·
1152 2944 1226 3025 boc
1253 2947 1303 3027 est
1335 2951 1374 3025 iu
1397 2945 1519 3042 son03
1549 2969 1633 3027 uam
1660 2971 1746 3028 eom
1780 2947 1908 3050 aliquia
1936 2947 1996 3030 io·

267 3073 348 3148 tur,
377 3074 419 3138 ut
446 3060 498 3137 est
523 3074 568 3154 ut.
593 3060 673 3138 Sint
698 3056 810 3137 lumbi
834 3055 946 3147 meliri
963 3059 1113 3155 praecin·
1153 3080 1223 3137 nur
1249 3060 1320 3143 est.
1353 3056 1483 3137 murtea
1512 3061 1626 3138 statim
1653 3060 1726 3155 οὓς
1755 3062 1792 3139 &
1816 3074 1995 3161 quantum

268 3171 335 3261 tii,
358 3172 394 3249 ἃ
414 3170 565 3256 ssmiles:
589 3170 762 3271 idemque
782 3170 936 3248 dicimus
960 3170 1012 3247 de
1031 3190 1112 3246 om·
1154 3169 1259 3248 durat
1283 3168 1414 3257 sonus,
1446 3165 1588 3249 tantum
1611 3175 1790 3273 quantitas
1819 3176 1996 3253 continua

269 3285 378 3363 tribua
413 3282 497 3373 aliie
524 3285 635 3361 tonia.
693 3280 754 3361 De
785 3280 1112 3381 interruptionibus
1153 3279 1228 3362 effe·
1257 3284 1292 3358 in
1333 3282 1411 3383 ipio
1445 3281 1589 3361 dicitur.
1636 3280 1722 3365 Hoc
1751 3286 1848 3362 enim
1881 3283 1996 3363 subie-

266 3392 419 3475 aliarum
451 3392 650 3496 specierum
685 3391 775 3471 oihil
817 3390 915 3473 aliud
955 3390 1113 3471 intendi·
1156 3392 1253 3471 itum
1285 3394 1335 3472 est
1370 3416 1447 3489 non
1477 3417 1715 3494 permaneus,
1745 3394 1804 3475 sed
1831 3395 1994 3491 mobile;

267 3529 372 3595 mut,
402 3502 466 3587 nifi
493 3506 595 3606 quod
617 3506 899 3605 interruptae-in
930 3502 1112 3583 authenti·
1151 3508 1195 3601 oe
1219 3507 1256 3581 iu
1289 3504 1382 3591 hoc,
1413 3506 1516 3606 quod
1545 3504 1681 3584 mobiie
1704 3505 1995 3608 eii,-compara·

266 3620 320 3699 cis
349 3618 387 3695 br
414 3618 451 3695 iu
479 3616 679 3717 plagalibus
704 3618 793 3717 poni
824 3612 992 3718 potsunt,
1022 3636 1112 3715 prae·
1153 3630 1321 3721 turcum
1351 3606 1564 3715 astrologia,
1595 3610 1688 3720 quae'
1703 3615 1850 3719 quidem
1873 3618 1925 3697 eit
1947 3617 1996 3698 de

266 3741 434 3831 terquanr
466 3727 547 3821 illa,
578 3750 659 3831 quae
685 3725 726 3805 fit
754 3750 800 3805 ex
831 3750 916 3806 uuo·
946 3726 1113 3805 interval·
1146 3726 1310 3810 'subiecto
1337 3726 1474 3816 mobili¹
1500 3723 1800 3830 &permanenti
1850 3726 1996 3816 innoc

266 3839 331 3927 lo,
365 3854 405 3918 ut
432 3838 568 3919 ditium
596 3838 656 3923 ete
714 3836 815 3922 Finit
846 3838 1020 3917 trabatur
1046 3860 1112 3915 un·
1153 3837 1256 3941 quod
1289 3836 1420 3923 mutiet
1449 3839 1502 3919 est
1531 3842 1566 3926 iu
1607 3838 1765 3934 subietio
1802 3863 1879 3918 nun
1912 3863 1995 3944 per·

269 3952 435 4034 decimus.
471 4032 473 4036 ,
1154 3952 1338 4039 manenti,
1380 3964 1613 4051 comparatur
1652 3973 1738 4033 cum
1776 3954 1993 4050 geometria,

297 4122 537 4211 INCIPIT
578 4118 939 4209 TRACTATUS
980 4118 1082 4211 Χη
1153 4084 1235 4163 quae
1269 4062 1319 4145 est
1358 4062 1404 4139 de
1440 4060 1597 4146 subicito
1640 4085 1717 4141 uon
1753 4066 1994 4164 permanenti,

1152 4172 1213 4261 sed
1237 4171 1441 4265 immobili,
1470 4172 1604 4259 scilicet
1626 4174 1674 4257 de
1702 4188 1805 4255 terre

393 4425 401 4444 .
591 4286 734 4443 ew.
759 4284 789 4376 ι’
1209 4360 1524 4443 Discretaautem
1556 4364 1872 4466 quantunque
1901 4363 1996 4439 mul-

322 4418 491 4532 Q'ndfit
517 4434 697 4523 mmm
720 4446 761 4501 m
779 4418 892 4525 plana
917 4417 1055 4520 mum·
1154 4474 1278 4553 titudo
1319 4475 1471 4562 dicitur,
1503 4476 1541 4551 io
1569 4471 1701 4554 mufica
1735 4475 1809 4561 est,
1841 4497 1920 4575 quae
1949 4474 1996 4551 de

328 4584 486 4670 Ostenso
513 4584 674 4688 superius
701 4583 748 4664 de
773 4561 896 4676 tonia,
917 4581 1112 4687 quomodo
1154 4607 1393 4665 numerorum
1430 4589 1673 4689 proportione
1705 4586 1853 4663 cratim:
1892 4586 1930 4663 ἃ
1957 4587 1995 4661 iu

269 4720 336 4809 per
380 4698 514 4799 species
558 4696 788 4785 formentur,
832 4718 875 4775 ec
917 4696 1114 4799 quomodo
1155 4696 1231 4777 hoc
1264 4710 1497 4799 eomparatur
1527 4720 1613 4777 cum
1639 4697 1886 4787 arithmetica,
1914 4707 1996 4797 quar

269 4808 335 4913 ipfi
366 4810 567 4889 secundum
603 4812 840 4911 quantitatem
878 4806 1037 4888 ascensus
1076 4810 1114 4895 br
1155 4808 1202 4888 de
1225 4813 1387 4889 numeris
1414 4802 1591 4913 loquitur.
1636 4804 1682 4889 Et
1707 4808 1785 4892 bec
1810 4806 1856 4889 de
1881 4814 2008 4911 quam

271 4920 458 5013 descensus
488 4920 647 5027 propriis
676 4920 888 5013 nominibus
920 4924 1115 5005 nominen-
1156 4924 1259 5001 ritate
1285 4918 1461 5004 sufficiant
1484 4922 1552 5006 tibi
1564 4918 1672 5022 '‘ditia

1248 5076 1276 5163 P
1306 5100 1326 5181 3
1849 5074 1942 5162 'Ce-
