4750 6025
891 494 1228 608 ἰιιιιιοι-ιιιτι
1272 520 1357 603 oa
1395 520 1601 605 annun

682 688 826 782 Curua
855 696 925 781 ΙΧ,
1272 753 1275 757 1
1568 696 1712 804 Canon·
1740 694 1813 783 Xl.

468 982 469 985 Ν
572 855 631 939 Dr
646 856 759 959 farno,
790 862 853 960 qui
877 856 923 955 est
948 882 1033 939 oux.
1492 857 1699 967 Quutrrplex
1722 857 1769 954 eil
1783 882 1878 942 ‘nom

439 1018 584 1112 Sonus,
615 1022 679 1123 qui
703 1020 756 1103 est
782 1043 881 1111 vox,
911 1022 963 1101 est
991 1021 1101 1102 sonus
1116 1076 1119 1080 -
1134 1020 1227 1105 atria
1323 1015 1543 1101 Notandum
1565 1023 1633 1114 est,
1654 1008 1759 1125 quod
1777 1044 1913 1103 vocum
1935 1018 2003 1103 alia
2023 1025 2111 1104 enti·

383 1130 511 1236 spiritu
542 1133 738 1223 verberati,
773 1131 942 1213 sensibilis
981 1134 1128 1221 auditu,
1169 1133 1229 1212 so-
1268 1132 1386 1213 culata
1401 1136 1440 1211 dc
1454 1132 1629 1224 litterata,
1653 1134 1719 1214 alin
1736 1134 1962 1217 inarticulata
1985 1134 2025 1213 dr
2052 1137 2111 1213 in·

383 1242 462 1324 lum
505 1242 726 1326 naturalibus
771 1244 1020 1324 instrumentis
1061 1242 1227 1340 animalia
1268 1243 1443 1335 litterata,
1462 1243 1527 1323 alia
1552 1245 1738 1325 articulata
1765 1246 1803 1326 dr
1827 1244 2045 1335 inlitterata.
2070 1246 2109 1323 dn

382 1354 573 1440 formatus.
636 1354 877 1435 Instrumenta
908 1358 1021 1457 igitur
1054 1354 1229 1437 naturalia
1268 1353 1336 1435 alia
1355 1355 1597 1436 inarticulata
1616 1358 1653 1437 ἃ
1672 1356 1988 1467 litteratadicitur.
2018 1354 2110 1437 Vox

383 1470 487 1547 nucia
517 1468 698 1556 dicimur..
725 1489 806 1569 quo
842 1469 888 1547 ad
924 1466 1004 1571 plur
1039 1464 1123 1547 sunt
1152 1467 1227 1557 sex,
1268 1466 1453 1549 articulata
1474 1466 1682 1548 &litterata
1700 1468 1770 1559 eil.
1787 1490 1867 1571 qua
1887 1464 2045 1577 intelligi
2069 1469 2112 1548 &

385 1570 553 1659 videlicet
580 1578 735 1679 pulmo,
769 1592 919 1679 guttur.
954 1579 1136 1681 palatum,
1157 1578 1230 1658 lin·
1269 1575 1374 1659 scribi
1393 1579 1532 1683 potest.
1552 1593 1593 1659 ut
1611 1576 1739 1661 Petrus
1756 1580 1794 1658 dr
1810 1577 2003 1670 Martium.
2049 1577 2111 1659 ln·

384 1712 482 1792 gua,
511 1691 550 1769 dt
576 1690 702 1769 denter
727 1692 947 1779 anteriores.
978 1690 1016 1769 ἃ
1038 1690 1152 1769 labia:
1186 1690 1230 1768 li·
1268 1690 1506 1771 articulata&
1520 1690 1710 1771 inlitterata
1730 1692 1799 1782 est,
1820 1690 2111 1795 quaenecintel·

384 1816 445 1881 cet
466 1800 539 1881 fine
557 1801 774 1904 quibusdam
799 1824 846 1881 ex
869 1802 941 1881 istie
960 1801 1125 1905 quadam
1151 1803 1229 1881 ani·
1268 1801 1355 1903 ligi.
1385 1824 1456 1881 nec
1478 1800 1581 1884 scribi
1604 1804 1743 1904 potest,
1764 1815 1807 1881 ut
1825 1804 1969 1902 rugitus
1985 1801 2110 1881 leonia

386 1912 492 1993 maiia
527 1909 675 2015 poliunt
709 1912 869 1992 formare
912 1936 1049 2005 vocer,
1095 1911 1229 1993 scilicet
1270 1914 1307 1991 dt
1321 1916 1486 2015 mugitus
1499 1913 1613 1994 buria.
1641 1912 1838 1995 Articulum
1853 1912 2044 1993 inlitterata
2057 1912 2109 1997 est

385 2046 489 2113 aver,
516 2047 597 2127 qum
621 2046 700 2103 non
728 2024 862 2105 habeut
885 2025 1023 2103 denter.
1067 2023 1139 2107 Sed
1165 2049 1230 2103 ne-
1269 2048 1367 2116 rox,
1398 2048 1478 2128 quae
1493 2022 1654 2125 intellegi
1679 2024 1815 2127 potell,
1839 2023 1879 2103 dt
1900 2022 2006 2125 scribi
2028 2024 2109 2105 non'

385 2132 527 2215 cessaria
552 2136 787 2217 instrumenta
814 2140 972 2215 omnino
995 2134 1039 2215 ad
1065 2134 1228 2215 sormun-
1270 2136 1381 2227 ualet,
1408 2149 1450 2216 ut
1470 2132 1568 2214 slbila
1591 2134 1783 2245 hominum
1808 2134 1847 2212 dt
1869 2138 2029 2235 gemitur
2052 2136 2111 2213 in-

385 2246 475 2326 dum
512 2270 622 2331 voces
653 2247 735 2329 sunt
766 2246 921 2349 pulmo,
954 2262 1108 2347 guttur,
1133 2246 1229 2349 pala·
1269 2246 1485 2326 firmorum:
1514 2247 1599 2326 licet
1618 2247 1715 2325 enim
1736 2245 1840 2325 scribi
1860 2268 1937 2325 non
1959 2238 2111 2347 possunt

385 2372 494 2449 tum,
523 2358 673 2461 lingua,
705 2358 745 2436 &
779 2357 893 2455 labia;·
920 2355 994 2437 line
1020 2359 1095 2438 istie
1129 2362 1229 2438 enim
1270 2358 1332 2437 ista
1360 2358 1460 2446 talin,
1484 2371 1607 2436 tamen
1629 2356 1776 2436 affetlnr
1801 2379 1931 2451 curum
1954 2356 2143 2459 intelligi

386 2468 513 2559 sonus,
545 2473 610 2571 qui
634 2468 686 2549 est
708 2489 807 2561 vox,
834 2469 1041 2550 nullatenus
1067 2466 1137 2549 else
1163 2494 1233 2573 po-
1272 2470 1411 2573 potellr
1435 2467 1612 2570 Namnet
1630 2464 1769 2547 sibilum
1787 2466 1946 2549 hominia
1965 2470 2111 2569 mitiga·

387 2580 463 2659 tell.
509 2576 636 2661 Primo
664 2582 764 2660 enim
795 2580 974 2661 anhelitus
1001 2605 1022 2661 ιι
1050 2581 1231 2685 pulmone
1272 2584 1411 2661 tlonem
1431 2578 1583 2671 alicuius
1599 2578 1761 2659 animalia
1779 2578 1836 2657 vel
1854 2582 1931 2660 elur
1947 2583 2111 2664 rocadu-

386 2692 555 2794 procedit
562 2714 574 2788 ;
604 2689 765 2771 secundo
792 2716 856 2795 per
880 2693 1044 2774 medium
1067 2696 1230 2793 gutturis
1271 2713 1356 2770 nem
1374 2691 1637 2791 intelligimus;
1665 2713 1732 2793 per
1755 2691 1937 2791 gemitum
1957 2713 2111 2793 quoque

385 2800 510 2883 transit
517 2824 533 2897 ,⁸
561 2805 671 2881 tertio
702 2800 865 2904 palatum
902 2802 1010 2899 serit3
1041 2818 1173 2906 quarto
1209 2827 1231 2882 a
1271 2800 1501 2883 infirmorum
1524 2800 1694 2879 dolorem
1715 2802 1967 2901 imaginamur.
2011 2800 2111 2882 lnar-

385 2912 510 3017 lingua
537 2911 734 3002 scinditur,
758 2927 800 2993 ut
824 2911 1100 3009 diverfificetur3
1123 2915 1233 3021 quin·
1272 2913 1417 2994 titulata
1431 2912 1585 2991 litterata
1597 2934 1672 2990 uox
1685 2912 1754 3000 ert,
1769 2936 1851 3016 quae
1863 2911 2016 3015 intelligi
2032 2918 2112 2993 nun

386 3037 429 3107 tu
452 3049 518 3130 per
546 3025 680 3106 tatium
702 3022 810 3136 ipdua
833 3027 968 3127 linguae
990 3039 1120 3106 contra
1142 3028 1232 3105 den·
1270 3025 1408 3130 potest,
1430 3025 1468 3101 dc
1490 3040 1610 3122 tamen
1626 3023 1746 3125 potest
1763 3022 1888 3131 scribi,
1905 3039 1948 3103 ut
1964 3049 2029 3126 per
2045 3028 2114 3104 voss

386 3151 441 3218 ten
490 3135 720 3225 discernitur,
758 3136 847 3238 quid
898 3137 1017 3218 homo
1064 3137 1231 3242 prosert3
1271 3160 1339 3218 ceu
1347 3133 1554 3214 animalium
1567 3133 1833 3238 proferentium
1849 3158 1929 3226 cra,
1949 3157 2030 3225 cra,
2047 3159 2110 3228 cu.
2284 3169 2290 3175 ·

386 3247 492 3330 sexto
519 3271 543 3329 ιι
567 3245 672 3328 labiis
694 3247 916 3332 moderatur.
1271 3271 1340 3344 αις
1367 3250 1471 3328 cuiun
1487 3244 1701 3348 prolationis
1717 3243 1906 3336 effednm,
1922 3247 2010 3325 licet
2027 3245 2113 3326 scri·

1272 3361 1309 3438 bi
1332 3356 1474 3461 potest,
1505 3359 1650 3459 penitus
1674 3351 1898 3457 ignoramur.
1942 3353 2005 3437 De
2029 3360 2113 3461 qui.

700 3423 837 3508 01101
862 3422 916 3508 K
1271 3470 1340 3551 bue
1362 3469 1481 3547 solum
1511 3467 1732 3549 articulatam
1759 3469 1797 3545 δι
1824 3463 2018 3548 litteratam
2043 3492 2113 3549 ro·

621 3581 725 3666 Unde
747 3585 883 3666 dicitur
910 3606 997 3666 vox.
1271 3601 1373 3676 cem,
1397 3601 1479 3680 quae
1497 3577 1652 3679 intelligi
1676 3579 1714 3655 dr
1734 3575 1839 3658 scribi
1859 3577 1998 3680 potest,
2020 3579 2112 3659 dici.

443 3745 530 3828 Post
548 3743 625 3827 haec
640 3769 717 3826 vox
732 3735 803 3838 ess,
819 3770 895 3826 tux
912 3745 1046 3827 dicitur
1060 3767 1081 3825 a
1095 3738 1232 3826 uocan-
1270 3713 1355 3771 ”¹¹¹⁸
1376 3689 1421 3770 ⁸⁶¹
1445 3686 1613 3803 mnam
1639 3689 1889 3771 mmm
1913 3688 2108 3795 1111111011·

387 3857 462 3970 (10,Ι
489 3855 582 3938 scut
605 3856 683 3940 dux
707 3857 929 3940 educendo.
978 3856 1073 3936 ltem
1096 3855 1233 4044 dicitgr
1553 3863 1697 3948 erm
1726 3861 1814 3948 ΧΠ,

387 3993 486 4056 ιοιι,
507 3969 675 4072 eoquod
691 3983 780 4048 nota
797 3968 919 4050 uordir
936 3982 1105 4074 promat3
1131 3988 1232 4046 une
1334 3978 1336 3983 '
1801 4027 1812 4046 .

388 4079 653 4182 philosophus:
682 4079 765 4160 sunt
785 4083 884 4158 enim
910 4101 969 4168 eu.
989 4091 1071 4180 qu'ae
1090 4076 1173 4158 sunt
1192 4079 1231 4173 in
1280 4117 1283 4121 J
1435 4024 1492 4106 θ’
1515 4021 1657 4122 Mum
1680 4047 1863 4126 mam·
1890 4025 1945 4125 (¹)

387 4214 500 4294 tuce,
520 4215 664 4281 earum,
684 4213 765 4293 quae
785 4179 926 4270 suntin
948 4195 1086 4278 anima,
1105 4185 1231 4288 paffio·
1326 4183 1466 4266 Mufica
1486 4189 1656 4288 organica
1685 4186 1757 4277 est,*
1783 4209 1865 4291 quae
1889 4185 1931 4265 fit
1961 4212 2029 4292 per
2054 4188 2112 4270 so·

389 4325 481 4383 nuru
504 4321 612 4382 nutae.
660 4299 708 4382 Et
730 4301 781 4381 ob
808 4299 882 4379 hoc
907 4299 1001 4379 redte
1029 4297 1231 4400 appellatur
1272 4321 1386 4386 uum.
1415 4301 1479 4400 qul
1501 4298 1650 4375 nonest
1674 4312 1771 4386 vox,
1812 4299 1850 4376 dt
1874 4311 1995 4378 tamen
2024 4321 2113 4381 cum

386 4427 503 4506 nota,
529 4411 610 4500 illa,
634 4435 717 4515 qum
737 4409 956 4513 significetur
975 4412 1013 4488 in
1037 4398 1232 4497 tantm&
1272 4407 1435 4488 anhelitu
1459 4407 1619 4487 hominia
1654 4407 1717 4492 seu·
1735 4408 1827 4487 atriu
1848 4405 1910 4498 fir.
1940 4423 1983 4490 ut
1998 4414 2037 4490 in
2052 4425 2114 4493 tu·

387 4546 524 4606 arone
546 4523 742 4628 profertur.
772 4521 869 4602 Nam
886 4520 958 4623 ipsa
975 4521 1026 4600 eil
1044 4515 1232 4628 quoddam
1273 4519 1350 4606 bia.
1380 4517 1576 4618 cymbalis,
1605 4516 1767 4607 fistulis..
1784 4521 1957 4620 organia,
1987 4521 2028 4601 dn
2054 4516 2130 4604 hie'

389 4634 534 4737 lignum
556 4633 782 4713 manifestam
802 4635 840 4710 in
864 4631 915 4709 sui
933 4627 1124 4733 qualitate,
1144 4653 1233 4734 qua-
1272 4627 1458 4738 similibua
1497 4627 1553 4708 ild
1572 4651 1680 4729 quam
1710 4625 1962 4737 definitionem
1990 4633 2114 4715 riden-

387 4747 470 4828 liter
492 4769 572 4829 eam
595 4745 761 4850 proferre
784 4741 988 4822 debeamus.
1273 4761 1379 4830 mue.
1407 4735 1498 4842 qnid
1520 4737 1563 4817 sit
1585 4736 1718 4829 sunm.
1747 4743 1812 4842 qui
1832 4743 1977 4822 nonest
1995 4765 2084 4825 run.
