4750 6025
381 495 505 632 ‘302
937 511 1197 602 rouunrs
1239 512 1322 598 na
1363 513 1556 602 nonus

442 695 549 796 Quid
563 695 614 778 eti
631 693 834 780 neutrum?
863 695 966 802 quod
984 719 1052 800 per
1068 697 1229 778 amotio-
1326 695 1432 796 Qut
1455 697 1506 779 eit
1528 721 1645 780 unum
1664 699 1841 804 tempori
1869 695 2004 784 Eadem
2029 691 2116 784 deii-

383 837 471 895 nem
501 808 700 915 perfednnr
726 808 943 916 impericit.
975 809 1014 890 dr
1040 833 1106 914 per
1124 807 1229 890 addi·
1269 811 1364 892 uitio
1392 813 1595 916 temporie,
1625 813 1665 892 de
1697 815 1805 896 uuirn
1831 817 2009 921 temporie
2038 811 2115 896 affi-

382 929 526 1009 tionem
549 922 689 1029 perficit
709 923 971 1026 impetieiiuur.
1123 941 1126 948 ’
1270 939 1437 1026 gnatum.

440 1036 573 1140 Longa
599 1059 682 1141 quae
707 1036 787 1118 esti
820 1037 988 1138 bipartita
1011 1035 1071 1115 est.
1101 1029 1231 1130 ¹Quo·
1329 1034 1488 1132 Quantae
1508 1032 1821 1120 determinationis
1845 1035 1901 1137 (e)
1924 1039 1976 1119 eii
1996 1062 2114 1128 ouum

385 1150 533 1233 modo?
561 1164 625 1230 aut
646 1153 744 1228 enirn
769 1147 925 1252 perfeda
944 1147 1001 1228 vel
1021 1145 1231 1252 imperfetia
1271 1148 1446 1258 tempori
1475 1149 1638 1251 duplicis.
1679 1150 1920 1250 Quomodoi
1949 1153 2117 1234 volunta·

386 1266 538 1372 proprie
560 1264 781 1342 nominatur.
1271 1264 1333 1342 riae
1359 1261 1415 1340 vel
1438 1259 1640 1342 artificialis.

443 1375 524 1460 Cur
551 1375 685 1456 dicitur
706 1375 889 1475 proprie?
916 1371 962 1453 ad
987 1370 1231 1453 differentiam
1328 1371 1546 1453 Voluntaria
1562 1400 1648 1480 qua
1670 1375 1749 1456 est?
1779 1375 1876 1474 Quae
1894 1378 2041 1481 prolixe
2057 1377 2117 1456 rel

385 1491 537 1572 aliarum
560 1490 740 1590 partium,
771 1489 904 1591 quibua
926 1485 1012 1566 licet
1032 1485 1231 1589 persedum
1271 1486 1449 1567 velociter
1465 1486 1644 1570 formatur
1657 1489 1855 1570 secuudum
1868 1488 2016 1572 libitum
2029 1512 2117 1594 pro·

389 1605 428 1683 &
457 1600 708 1705 imperfetium
738 1602 982 1690 conveniant,
1013 1611 1135 1678 tamen
1163 1595 1231 1678 alia
1271 1598 1430 1680 ferentis.

387 1718 540 1796 nomina
562 1711 627 1792 fibi
650 1713 864 1802 vendicant,
898 1713 934 1790 &
960 1734 1037 1790 non
1058 1710 1131 1789 ista.
1325 1710 1533 1792 'Artificiaiiu
1554 1735 1635 1816 qua
1654 1713 1734 1793 est?
1764 1712 1862 1811 Quae
1887 1713 2026 1818 prolata
2051 1736 2117 1817 per

443 1825 575 1930 Longa
595 1824 748 1929 perfedia
768 1849 848 1928 quae
868 1823 946 1902 est?
975 1848 1056 1926 quae
1071 1822 1135 1902 sub
1154 1845 1231 1902 uuo
1273 1825 1351 1906 duo
1371 1822 1425 1923 (f)
1446 1826 1617 1904 diuiditur
1634 1826 1800 1930 aequalia,
1819 1849 1980 1930 quorum
1998 1826 2119 1929 quod·

387 1955 540 2024 occentu
573 1963 640 2044 per
674 1941 741 2019 tria
776 1953 944 2042 tempora
974 1937 1096 2016 brevia
1129 1958 1232 2047 meu·
1273 1937 1363 2018 liber
1389 1941 1495 2018 unica
1520 1937 1694 2019 divifione
1723 1940 1903 2019 dividatur
1932 1937 2116 2035 similiter3

388 2055 539 2136 iuratur.
1232 2113 1235 2116 .
1273 2051 1399 2141 aliter,
1429 2072 1510 2153 quae
1534 2050 1716 2132 dirifibiiis
1741 2052 1793 2132 est
1818 2075 1884 2154 per
1910 2075 2045 2132 novem
2070 2075 2119 2132 aa·

444 2163 577 2266 Longa
605 2161 811 2267 impetratio
840 2186 922 2266 quae
949 2161 1029 2241 esti
1058 2183 1139 2265 quae
1167 2159 1232 2240 sub
1257 2163 1391 2269 qualia
1414 2167 1583 2255 minima,
1609 2163 1698 2257 dum
1722 2163 1917 2268 perficitur.
1946 2161 2007 2266 (g)

388 2303 467 2362 uno
487 2291 638 2358 accentu
661 2300 727 2380 per
746 2275 824 2358 duo
848 2289 1015 2380 tempora
1035 2275 1155 2354 brevia
1180 2269 1233 2371 (a)
1330 2273 1481 2356 Brevior
1512 2301 1594 2378 qure
1622 2277 1704 2356 eit?
1740 2275 1887 2366 Brevis.
1917 2299 2000 2380 quae
2030 2275 2119 2357 duaa

388 2390 626 2472 mensuratur.
1273 2403 1393 2493 partes
1413 2394 1590 2491 temporie
1618 2388 1677 2487 (h)
1705 2389 1955 2492 apprehendit.

447 2502 551 2600 Quid
581 2502 631 2579 est
662 2515 809 2602 tempus
838 2497 980 2581 breve?
1015 2497 1073 2598 (b)
1108 2496 1234 2579 Tertia
1333 2499 1375 2581 ln
1403 2501 1561 2582 breviori
1592 2505 1741 2581 minima
1767 2517 1860 2606 quot
1886 2500 1998 2583 sonti
2034 2495 2117 2580 Sex.

388 2641 471 2724 pars
495 2617 671 2718 temporis
696 2612 801 2715 longi
829 2609 884 2710 (c)
909 2611 1035 2692 eadem
1060 2609 1234 2690 dirifioue
1277 2611 1402 2712 Quaei
1431 2637 1592 2717 quorum
1613 2615 1785 2708 medietas
1802 2613 1920 2694 addita
1938 2612 2044 2716 super
2060 2627 2121 2693 to·

388 2723 586 2816 divifibiie,
617 2749 688 2830 qua
720 2727 770 2804 est
799 2741 952 2805 toturn:
992 2724 1120 2814 aliter,
1153 2747 1235 2828 quae
1276 2742 1356 2807 tom
1383 2725 1524 2827 perficit
1547 2726 1679 2806 redum
1703 2727 1862 2807 brevem.
1986 2759 1989 2762 ·

388 2865 476 2924 eom
504 2837 544 2920 iit
569 2863 650 2942 pars
675 2841 823 2918 maximi
850 2852 1047 2941 totumque
1076 2838 1231 2927 minimi,
1331 2837 1548 2918 Semibrevis
1563 2863 1644 2941 quae
1657 2839 1733 2920 etta
1754 2841 1920 2943 bipartita
1933 2838 1993 2917 eii
2006 2835 2121 2934 Quo·

389 2954 495 3037 distat
516 2951 700 3057 aequaliter
723 2952 769 3029 ab
794 2965 964 3055 utroque.
1270 2949 1423 3035 modo?
1452 2965 1515 3033 aut
1536 2956 1633 3031 enirn
1656 2977 1762 3056 parra
1784 2952 1840 3033 vel
1860 2953 1985 3031 minor
2002 2951 2121 3055 potest

446 3066 613 3147 Minime
631 3076 726 3169 quot
750 3064 830 3144 sunt
853 3066 891 3142 in
914 3078 1082 3166 tempore
1106 3060 1234 3141 brevi?
1275 3069 1539 3145 convenienter
1562 3067 1746 3167 appellari.

389 3176 459 3283 (d)
481 3178 641 3258 Novem.
692 3174 847 3275 Quare?
883 3179 968 3280 quia
1000 3190 1056 3254 ter
1087 3190 1234 3277 accepta
1332 3176 1441 3257 Parva
1461 3202 1542 3278 quae
1562 3177 1642 3256 esti
1671 3181 1772 3257 tertia
1793 3174 1854 3274 (i)
1872 3178 1966 3257 rede
1986 3176 2117 3266 brevio,

388 3292 617 3399 periurium,
650 3288 975 3392 impertettnmque
1006 3290 1235 3367 constituunt
1275 3292 1379 3369 cuius
1399 3288 1530 3368 divido
1551 3292 1704 3369 ternaria
1726 3293 1766 3368 iu
1784 3313 1877 3369 voce
1898 3292 2048 3369 minima
2063 3314 2121 3369 re·

387 3407 444 3485 bia
470 3416 617 3503 accepta
645 3400 702 3480 vel
727 3398 905 3502 atlignatn.
950 3400 1055 3497 Quid
1084 3398 1127 3479 fit
1152 3423 1235 3501 per·
1275 3401 1435 3507 quiescit.
1561 3452 1563 3455 >

387 3518 522 3599 fedum
545 3516 582 3593 de
603 3513 875 3615 imperfeduru.
901 3512 1036 3593 ditium
1055 3514 1104 3593 eti
1121 3515 1232 3616 priua.
1331 3511 1461 3593 Minor
1477 3538 1558 3617 qoae
1575 3512 1655 3592 eiii
1684 3512 1780 3610 Quae
1795 3512 1883 3593 duaa
1902 3526 2021 3616 parter
2038 3534 2121 3620 par·

1274 3648 1328 3707 vae
1348 3629 1515 3705 continet
1536 3626 1750 3704 semibreuie.

1332 3734 1441 3818 Unde
1479 3740 1612 3818 dicitur
1649 3738 1885 3817 semibreriai
1929 3738 1961 3819 Δ
1998 3736 2117 3831 semia.

1276 3850 1380 3957 quod
1401 3852 1450 3929 est
1475 3850 1534 3949 (k)
1559 3874 1641 3952 pars
1666 3853 1820 3951 integri,
1846 3852 2116 3931 denominatur.

1334 3963 1462 4059 Quare
1494 3964 1626 4068 dicitur
1651 3961 1889 4042 semibrerisi
1924 3963 1955 4043 A
1988 3965 2118 4043 maiori

445 3676 566 3759 Brevia
583 3699 662 3779 qun
679 3674 754 3754 est?
780 3676 946 3777 bipartita
965 3674 1025 3755 est.
1057 3673 1234 3770 Quomo-

389 3791 470 3874 doi
499 3804 562 3871 aut
587 3791 685 3867 enim
711 3786 805 3867 reda
827 3789 971 3877 brevis,
1004 3786 1061 3868 vel
1089 3788 1235 3867 brevior

388 3918 631 4006 nuncupatur.

446 4004 1490 4116 fflwwfflmwm..
1727 4078 1735 4094 .

389 4146 559 4230 tempore
581 4128 762 4205 contiuuo
786 4128 928 4227 integre
951 4124 1090 4227 prolata
1114 4125 1174 4203 est.
1275 4076 1332 4155 ’θ’
1356 4099 1492 4153 m¹⁰⁰¹¹
1516 4089 1616 4177 ΡΜ
1636 4077 1776 4164 b¹⁸v¹⁸¹
1808 4075 1869 4173 (¹)

446 4242 526 4324 Cur
555 4238 687 4317 dicitur
715 4240 891 4334 integre?
928 4254 1079 4340 propter
1113 4251 1232 4338 partes
1265 4188 1495 4379 ·³bffi‚q¹¹,³¹i’
1527 4200 1569 4266 ut
1591 4186 1859 4357 s⁶m57²⁰f¹ff⁰mg

389 4356 592 4457 temporis,
624 4374 702 4453 quae
730 4374 847 4429 unum
874 4364 1019 4454 tempus
1044 4354 1233 4453 integrum
1332 4358 1346 4379 ⁴
1378 4324 1486 4377 '⁰¹⁰³'
1508 4323 1588 4401 ‘³⁰²
1609 4300 1681 4379 est·
1716 4316 1897 4401 ‘mimtlta
1915 4304 1976 4383 ⁰st
2015 4303 2121 4401 Qut·

387 4492 467 4551 uon
490 4466 673 4549 dicuntur.

1897 4100 1975 4157 non
1995 4092 2117 4159 autem

1274 4414 1343 4493 rei
1373 4415 1457 4517 quia
1478 4434 1555 4490 non
1577 4412 1625 4491 eii
1646 4414 1803 4492 minimo
1823 4415 1909 4493 dare
1928 4420 2059 4495 minus.

1985 4528 2090 4626 Quid

430 4688 477 4764 (a)
498 4690 541 4748 nt
559 4688 673 4763 perfidio
689 4692 734 4746 oei
750 4688 905 4761 imperfeddu.
1315 4684 1363 4756 (g)
1385 4684 1427 4740 dl.
1447 4686 1586 4757 profertur.

429 4774 479 4849 Φ)
502 4774 543 4833 Bi
566 4771 749 4847 ΜΒ*
1315 4767 1365 4842 (h)
1387 4767 1429 4824 Bi
1450 4768 1568 4840 persam.
1596 4785 1603 4794 “

429 4854 474 4931 (ο)
496 4858 539 4916 Bi.
557 4856 675 4931 perfidi.
1043 4904 1046 4909 ,
1316 4850 1365 4925 (i)
1389 4850 1430 4907 ΒΙ.
1454 4853 1521 4908 Pars
1539 4857 1616 4907 tertio
1635 4854 1718 4911 enrtae
1735 4855 1829 4910 brevit.

427 4939 478 5013 (d)
500 4940 540 4999 Bi.
562 4939 681 5013 perfido.
1313 4934 1364 5009 (k)
1388 4934 1428 4990 BL
1451 4935 1604 5006 dimidium,
1627 4956 1676 5009 qao
1691 4950 1752 5011 pers
1772 4942 1871 5009 iurgio
1890 4939 2074 4999 &mintur-

426 5022 474 5096 (e)
496 5024 538 5083 ΒΙ.
560 5025 709 5103 daemonis.
1313 5015 1363 5099 (i)
1385 5018 1427 5078 di.
1448 5021 1541 5084 mma.

424 5104 475 5186 (f)
495 5106 540 5169 Bi·
560 5121 607 5183 pu
622 5108 824 5169 eo'rr’otiirae
839 5109 953 5184 main·
1655 5112 1682 5133 ’·
