4750 6025
1862 152 1867 155 ’
1914 153 2251 292 Ἥ

439 531 561 669 298
991 535 1252 626 ronunrs
1284 506 1378 622 'nn
1421 538 1616 624 ututur

433 729 570 814 festum
593 748 661 832 per
677 711 781 808 'sunm
805 719 963 806 {ormam
984 723 1214 828 primariam,
1238 717 1283 802 ss·
1322 722 1479 803 ternaria
1499 709 1720 826 reponatur:
1742 713 1956 804 'iemibrerie
1977 720 2026 804 eii
2047 735 2155 802 ternu

435 845 570 926 militer
604 841 643 920 δι
676 837 887 942 ignarum,
927 859 1119 938 unumque
1150 831 1284 914 recidit
1323 837 1375 918 ria
1391 859 1474 938 para
1490 834 1637 936 longaea
1664 858 1749 914 nam
1765 835 1816 914 est
1832 838 1936 915 tertia
1952 858 2032 940 porr
2050 835 2158 913 brevia

435 957 562 1046 alteri,
591 953 762 1034 innianter
784 949 896 1032 ambo
919 971 1034 1029 unum
1059 955 1125 1049 per
1148 967 1289 1048 aggeo.
1324 948 1499 1056 &brevic
1518 947 1570 1026 eii
1586 949 1696 1026 ‘tertia
1721 970 1803 1050 para
1827 948 1976 1048 iongm;
2003 944 2161 1050 ergo-ie-

435 1071 649 1174 gationem‚
680 1087 761 1168 quae
784 1059 960 1143 muiicalis
986 1058 1113 1139 notula
1140 1081 1285 1160 nuncu·
1325 1060 1494 1138 mibrerir
1517 1059 1695 1169 esttertia
1712 1083 1795 1164 para
1818 1062 1932 1140 tertia
1952 1062 2059 1162 partia
2086 1057 2160 1140 ion·

435 1198 555 1286 parur.
612 1176 674 1258 Est
704 1180 801 1256 enirn
833 1172 959 1254 nomia
991 1170 1107 1273 figura
1137 1170 1284 1275 quadri·
1324 1195 1406 1272 ga3
1435 1170 1548 1272 igitur
1584 1164 1810 1272 imperiicere
1850 1172 1970 1274 potest
2008 1171 2161 1274 longam

434 1293 545 1375 latera
592 1290 673 1371 soni
716 1289 925 1374 numerati.
970 1298 1141 1386 tempore
1182 1305 1285 1381 men·
1326 1282 1459 1365 Adhuc
1483 1283 1586 1387 quod
1608 1283 1658 1362 eii
1674 1284 1808 1365 fortine
1827 1286 1867 1363 ἃ
1887 1282 2165 1386 muiicopuicri·

436 1405 547 1488 iurati
575 1404 622 1482 ad
650 1400 825 1505 placitum
854 1395 1086 1500 fignantium.
1142 1393 1287 1476 Notula
1328 1419 1392 1476 un:
1422 1419 1535 1478 omne
1554 1394 1692 1499 quoda
1719 1419 1812 1480 voce
1829 1398 1946 1489 reita,
1975 1398 2166 1500 integra&

438 1541 533 1618 ergo
579 1514 669 1596 durs
716 1512 874 1602 includit
918 1510 1084 1599 formes,
1129 1505 1286 1614 figuram
1327 1507 1486 1610 regulari
1512 1509 1694 1588 cantando
1721 1507 1931 1613 profertur.
1958 1510 2065 1590 deber
2083 1509 2165 1612 sapi·

439 1628 741 1734 quadrilaterum,
773 1647 854 1728 quc
886 1623 1082 1728 primaria,
1112 1619 1287 1724 {ignatio-
1327 1643 1392 1701 ena
1410 1617 1567 1702 muficue
1584 1644 1649 1724 per
1666 1621 1814 1702 notutn
1836 1622 1974 1704 debitae
1996 1621 2166 1725 [μικτος

437 1765 546 1832 nem,
567 1762 648 1842 quae
668 1736 874 1817 secundaria
899 1735 960 1814 eii
1005 1731 1064 1814 Est
1076 1733 1204 1814 autern
1215 1730 1287 1833 iig-
1327 1732 1412 1813 sunt
1438 1735 1537 1813 eninr
1569 1731 1695 1838 figurae
1713 1738 1959 1837 grammatica
1986 1733 2086 1838 iigna
2108 1757 2168 1815 to-

438 1856 538 1932 natio
560 1853 617 1943 id,
648 1851 750 1952 quod
773 1845 957 1950 perficitur
977 1847 1016 1924 &
1034 1843 1284 1948 imperficitur,
1327 1868 1426 1924 cnm.
1473 1843 1618 1942 Quodn
1644 1869 1722 1926 non
1755 1850 1827 1926 iam
1852 1871 1909 1927 ara
1937 1850 2047 1928 variet
2070 1862 2170 1930 natu·

325 1959 327 1964 ’
403 2060 405 2062 ,
438 1989 516 2044 non
539 1963 667 2066 figura.
697 1961 807 2042 Unde
821 1957 1141 2039 ficutvoxavoce
1163 1981 1288 2060 grana·
1326 1980 1404 2037 ram
1431 1959 1469 2036 δι
1497 1957 1621 2060 figure
1640 1972 1811 2052 cantum.
1843 1983 1930 2040 cnm
1949 1959 2010 2040 fiat
2037 1985 2060 2041 e
2083 1983 2171 2041 con·

437 2080 569 2156 mariue
590 2098 668 2153 non
692 2071 895 2176 dependet,
916 2091 1037 2174 neque
1057 2071 1176 2148 musar
1193 2092 1285 2151 con·.
1326 2071 1461 2165 trario;
1491 2093 1576 2149 nam
1605 2095 1736 2152 canere
1763 2069 1954 2176 poii'nmur
1979 2071 2171 2177 absquefi·

436 2189 691 2274 structionem,
707 2183 767 2265 sed
783 2184 985 2264 modorum
1002 2180 1183 2283 figurandi
1197 2203 1286 2283 pro·
1325 2183 1453 2284 gotie,
1473 2183 1591 2262 modo
1616 2187 1878 2267 convenienter
1897 2185 2173 2288 naturaiiterque

436 2304 585 2405 portio:
627 2295 675 2378 [ic
702 2299 740 2383 δι
769 2295 894 2398 figurae
921 2293 968 2374 nd
997 2294 1152 2396 figuram
1184 2291 1287 2373 nulla
1326 2291 1376 2379 iic
1398 2317 1449 2373 ex
1475 2318 1544 2375 ore
1571 2299 1734 2393 canitur;
1753 2296 1865 2400 [quod
1896 2310 1932 2387 8.
1962 2297 2173 2378 semibreucr

435 2414 486 2496 est
514 2414 712 2516 proportio
740 2405 939 2498 musicalis,
970 2406 1029 2486 sed
1054 2427 1100 2486 ex
1125 2416 1287 2509 propor-
1326 2406 1385 2485 aei
1416 2426 1449 2501 ς.
1475 2409 1698 2516 quandoque
1723 2409 1790 2490 sub
1817 2434 1888 2491 una
1906 2433 1999 2491 voce
2026 2433 2173 2514 unoque

435 2530 671 2607 tionererum
684 2519 907 2600 muiicalium
922 2518 1287 2622 nequeperfetiene·
1327 2534 1482 2602 accentu
1507 2523 1690 2602 continuo
1722 2521 1977 2623 proferantur:
2007 2547 2101 2626 ergo
2131 2519 2174 2604 iic

437 2663 510 2744 que
549 2636 587 2714 δι
627 2633 836 2736 imperfecte
872 2632 1081 2711 earumdem
1122 2630 1287 2712 causatur
1327 2630 1437 2711 debet
1459 2631 1641 2726 agnufico
1656 2637 1696 2713 in
1724 2635 1807 2714 nno'
1824 2658 1989 2738 corpore
2006 2635 2173 2738 figurari;

341 2844 343 2849 ,
435 2748 674 2831 consonantia
696 2743 881 2826 muiicalis.
913 2742 1012 2823 Nam
1028 2740 1146 2844 figura
1163 2766 1228 2846 per
1244 2741 1286 2820 ti-
1325 2741 1440 2844 longa
1470 2767 1564 2848 ergo
1592 2742 1665 2826 iiv'c
1688 2747 1844 2849 perfeiia
1870 2745 1941 2827 [ive
1970 2747 2175 2850 imperseiia

435 2885 566 2966 goram
609 2881 688 2960 non
724 2857 957 2946 imminuitur
1002 2878 1072 2935 nec
1112 2867 1284 2956 augetur,
1327 2856 1495 2937 brorium
1517 2881 1583 2961 per
1602 2852 1837 2939 semibrevem
1858 2859 2026 2941 redditur
2041 2863 2175 2963 imper·

378 3005 381 3010 ’
434 2973 496 3055 fed
515 2995 570 3053 res
596 2970 721 3073 figura
741 2971 894 3051 nomine
913 2965 1107 3073 deignata.
1155 2966 1286 3050 Unum
1326 2966 1444 3060 feda,
1489 2964 1691 3075 eademque
1719 2973 1863 3053 ratione
1893 2987 1981 3055 ante
2011 2974 2052 3053 ic
2085 2974 2175 3078 poii,

435 3090 533 3169 enirn
564 3099 710 3186 tempus
729 3084 794 3163 tria
822 3095 988 3184 tempora
1009 3085 1163 3184 ponitur
1181 3104 1288 3160 cnm-
1328 3105 1415 3161 cum
1441 3094 1565 3163 totum
1591 3107 1726 3185 corpus
1753 3085 1897 3186 ionga,
1930 3085 2034 3187 quod
2063 3088 2114 3167 eii
2138 3112 2178 3167 u-

433 3198 676 3305 prehendens,
691 3192 777 3277 &in
793 3195 869 3275 hoc
886 3196 937 3273 est
955 3193 1164 3296 perfectum.
1184 3185 1288 3273 Dici·
1329 3212 1442 3284 num,
1472 3191 1515 3273 fit
1534 3195 1734 3299 periodum
1754 3199 1894 3276 ratione
1913 3198 2120 3294 brevium„
2141 3199 2177 3279 [ι

434 3326 498 3395 tur
523 3307 699 3412 imperiici
728 3310 832 3388 tertia
852 3322 953 3409 parte
976 3307 1121 3394 demta,
1153 3306 1192 3383 &
1219 3309 1287 3385 ite·
1327 3329 1407 3384 nnn
1432 3307 1571 3387 breves.
1733 3310 1735 3315 ’

434 3448 519 3505 rum
539 3420 685 3526 perfici,
718 3418 744 3498 fi
765 3418 938 3511 addatur,
969 3441 1047 3496 non
1071 3418 1118 3496 de
1136 3414 1286 3518 figuris3
1386 3416 1442 3498 An
1462 3418 1664 3500 videndum·
1679 3433 1804 3501 notem
1824 3420 2093 3504 distindionem
2123 3428 2178 3504 in·

435 3539 550 3638 igitur
569 3533 632 3623 fit,
654 3532 754 3636 quod
776 3531 822 3609 de
840 3532 958 3611 rebue
1003 3528 1284 3631 Imaginandum
1327 3542 1383 3611 ter
1399 3531 1711 3633 imperfectionem
1731 3532 1855 3635 longa
1872 3533 2039 3638 perfecte
2054 3537 2094 3617 ἃ
2113 3542 2180 3617 im·

435 3671 586 3753 quoque
617 3646 818 3725 ternarium
847 3643 893 3721 ad
934 3643 1114 3721 binarium
1145 3642 1283 3731 reduci,
1328 3641 1506 3745 perfeiiae,
1524 3643 1656 3724 talibus
1671 3644 1898 3727 sermonibus
1910 3646 1962 3725 est
1976 3650 2177 3729 utendum:

434 3760 493 3841 uel
519 3784 540 3839 e
567 3760 782 3861 contrario,
813 3769 992 3860 quantum
1013 3754 1065 3834 'ad
1094 3757 1283 3833 materiam
1326 3754 1457 3834 notula
1482 3755 1655 3838 dividitur
1678 3754 1743 3837 tic:
1773 3758 1841 3838 alia
1874 3758 2031 3860 perferte
2058 3761 2180 3863 perfe-

434 3896 567 3954 eorum
588 3873 625 3950 δι
655 3894 734 3950 non
755 3868 943 3962 formam5
973 3866 1049 3948 hoc
1071 3869 1194 3947 autein
1220 3865 1285 3945 ici·
1327 3868 1400 3956 tia,
1429 3868 1497 3946 alia
1518 3869 1672 3971 perfecie
1693 3869 1923 3973 imperfeda.
1951 3870 2020 3951 alia
2039 3876 2179 3977 imper·

425 4000 504 4067 'unt
531 3982 775 4062 mathematici
801 3979 987 4089 sapientes.
1011 3988 1015 3995 ’
1327 3979 1420 4059 fecie
1438 3980 1616 4083 perfecta,
1637 3982 1704 4061 alia
1724 3982 1933 4086 imperfecte
1955 3986 2177 4087 imperfecta.

492 4094 558 4177 tv.
587 4092 643 4174 Ex
663 4090 844 4196 pramiiiir
865 4095 936 4171 iam
961 4092 1115 4171 habetur
1133 4090 1178 4171 ad
1199 4113 1288 4193 pro-
1327 4090 1445 4170 Verbi
1460 4096 1597 4194 gratia.
1633 4097 1670 4172 in
1686 4119 1765 4175 uno
1780 4095 1897 4197 gradu
1913 4118 1985 4199 pro
2003 4101 2179 4180 omnibus

433 4208 596 4291 bandum
623 4210 698 4295 via,
722 4205 827 4309 quod
846 4203 958 4306 ionga
978 4202 1086 4305 poffit
1110 4202 1288 4307 im'perfici
1329 4204 1556 4286 ostendatur:
1583 4205 1703 4310 ionga
1721 4208 1856 4289 dicitur
1883 4208 2041 4312 perfetta
2060 4214 2182 4314 perfe-

434 4346 501 4427 per
530 4318 795 4413 semibrevem3
843 4340 926 4395 nam
957 4318 1060 4419 quod
1091 4314 1288 4419 imperficit
1328 4316 1402 4405 cia,
1422 4341 1508 4399 cum
1523 4319 1680 4400 includit
1695 4324 1764 4403 tria
1779 4321 2177 4425 temporasuigradua,

433 4448 597 4539 partem,
631 4422 826 4532 impericit
865 4430 904 4507 [ε
937 4444 1078 4508 toturn:
1114 4428 1285 4508 semibre-
1327 4446 1370 4508 ut
1395 4446 1467 4511 tres
1495 4431 1643 4521 brenen,
1674 4434 1712 4512 δι
1738 4436 1979 4539 cognoscitur
2010 4442 2177 4545 quinque

433 4550 488 4626 riu
524 4536 733 4647 impertiet·
754 4543 932 4637 brevem3
971 4542 1088 4621 brevis
1119 4541 1169 4621 est
1200 4564 1284 4644 para
1325 4542 1466 4631 modis,
1495 4559 1538 4624 ut
1564 4546 1678 4625 uisum
1705 4549 1756 4628 est
1775 4552 1898 4651 priur3
1927 4550 1989 4631 sed
2017 4554 2177 4657 persenia

432 4658 556 4761 iunge
593 4680 658 4759 per
687 4654 911 4755 praecedens:
948 4674 1040 4753 ergo
1075 4650 1284 4733 semibrevie
1325 4654 1533 4758 imperfecta
1554 4656 1728 4750 dicitur,
1774 4686 1861 4743 cum
1903 4664 2060 4747 includit
2096 4667 2177 4748 duo

433 4769 626 4876 impericit
648 4768 812 4867 longam.
862 4764 1051 4868 Amplius:
1081 4786 1196 4845 omne
1222 4779 1282 4846 to-
1324 4780 1493 4870 tempora
1509 4768 1562 4849 sui
1578 4774 1724 4871 generis
1739 4774 1812 4856 {ive
1829 4776 1989 4877 gradum
2018 4792 2061 4860 ut
2084 4780 2174 4862 duae

433 4896 514 4963 tum
541 4880 717 4981 integrate
742 4902 808 4980 per
833 4877 931 4957 suam
956 4892 1096 4979 partem
1122 4874 1284 4980 impari-
1324 4879 1462 4963 brevem
1503 4872 1718 4985 Imperieiie
1736 4888 1892 4990 perfetta
1911 4885 2066 4982 dicitur,
2086 4915 2176 4973 cuna

431 4998 549 5085 citur.
579 4992 670 5073 dum
704 5008 828 5071 tamen
866 4989 935 5097 ,sub
979 4990 1283 5072 denominatione
1323 4991 1477 5073 includit
1506 4998 1574 5075 tria
1602 5009 1787 5103 tempora
1802 5024 1881 5083 non
1909 5002 2083 5109 perierit,
2114 5002 2175 5085 ied
2241 5021 2242 5042 ¹

2031 5116 2120 5200 alte·
