4750 6025
806 529 1041 618 nosrue
1083 527 1407 617 annuatur.
1822 467 1962 640 '301

243 743 416 827 rogamur
435 712 657 802 venerabiles
681 712 826 810 musici,
852 737 945 819 quur
966 725 1080 792 aeota
1122 709 1355 792 crediderunt
1376 705 1529 790 mndcae.
1567 707 1694 792 Nemo
1714 718 1837 790 tamen
1856 708 1966 802 dicar.

242 823 1078 928 dileximusiuventuterationemuncae,quam
1123 847 1193 902 uua
1217 822 1344 901 statum
1372 820 1515 901 mnficae
1537 820 1575 898 dr
1597 821 1705 902 finem
1728 817 1806 904 eiua
1828 823 1966 903 immu-

242 947 304 1050 qui
325 947 419 1026 bene
439 943 560 1032 sciret,
588 965 672 1022 eum
696 939 813 1042 aliqua
835 937 977 1016 scientia
1002 960 1079 1016 oon
1122 935 1267 1014 rabilem
1292 930 1455 1035 tetigiile.
1502 931 1670 1014 Currant
1696 936 1795 1012 enim
1818 936 1967 1036 opinio·

240 1055 393 1148 lateret,
430 1069 608 1159 quatenus
642 1051 750 1132 huius
787 1050 919 1128 laboris
954 1070 1080 1128 amore
1121 1069 1186 1146 nes
1221 1046 1259 1122 dr
1295 1043 1449 1125 scientie
1484 1043 1733 1126 revolutiones
1766 1045 1812 1123 ad
1847 1049 1967 1127 circu·

242 1166 398 1248 deiedur
422 1168 564 1246 nostros
588 1167 773 1264 corrigere
800 1161 932 1250 velitis.
960 1161 1080 1238 &be-
1121 1155 1200 1236 lona
1228 1171 1475 1244 revertenter,
1506 1179 1615 1260 quam
1650 1156 1797 1235 summae
1828 1157 1968 1261 placuit

242 1283 353 1382 uigne
377 1277 601 1381 supportare.
646 1274 743 1354 Nam
771 1276 808 1350 in
832 1276 948 1374 capite
973 1275 1078 1351 unius
1119 1269 1299 1347 volontati
1323 1271 1421 1356 eiua,
1451 1269 1516 1370 qui
1540 1291 1618 1346 non
1639 1265 1861 1348 ueoellrtatne
1882 1293 1965 1348 om·

241 1390 401 1472 honrinia
416 1413 494 1470 oon
511 1389 560 1468 eli
577 1384 756 1490 poffibile.
776 1382 839 1464 oili
856 1383 1077 1462 intellectum
1120 1382 1177 1459 uia
1207 1378 1375 1458 condidit
1392 1382 1443 1458 in
1474 1379 1547 1459 hoc
1572 1379 1741 1471 mundo.
1773 1381 1813 1464 dr
1838 1383 1965 1463 omnia

239 1500 368 1581 habeat
392 1500 624 1604 angelicum.
655 1511 771 1576 totam
798 1493 990 1576 cuiuslibet
1015 1494 1079 1573 sci·
1119 1490 1325 1572 voluntarie
1355 1491 1567 1592 segregabit

241 1616 374 1693 entiam
406 1611 587 1716 quiescere
614 1611 783 1690 veritatis.
842 1605 952 1686 Forte
980 1609 1078 1685 enim
1184 1650 1340 1752 Explicit
1369 1648 1496 1748 mufim
1522 1653 1684 1750 mmm
1703 1649 1899 1753 secundum

239 1747 303 1827 per
319 1727 495 1828 temporis
513 1723 662 1826 spatium
681 1723 788 1802 nobie
804 1720 955 1809 accidet,
967 1741 1077 1822 quam

238 1838 309 1918 ianr
329 1837 459 1918 accidit
480 1837 518 1914 dt
537 1835 713 1936 antiquie,
733 1835 796 1936 qui
816 1830 926 1910 finem
948 1827 1079 1912 habere

648 1991 834 2102 ITEM
872 1989 1159 2122 lOANNlS
1200 1991 1300 2099 DE
1339 1990 1558 2101 MURiS

485 2171 885 2279 Quosnronns
940 2175 1127 2256 soron
1180 2173 1406 2255 aranas
1460 2172 1718 2258 norrun.

529 2325 614 2433 Ex
642 2313 801 2433 eodem
834 2316 1011 2432 Codice
1042 2315 1323 2453 Porifierfi,
1354 2317 1536 2438 collato
1565 2353 1675 2431 cum

899 2474 1012 2556 altero
1041 2474 1301 2573 Son-Blofiono.

237 2582 460 2822 (oportet
478 2651 695 2758 prolationis
713 2666 807 2756 quot
826 2651 934 2734 sonti
958 2651 1081 2749 Quin·
1139 2747 1142 2754 Δ
1178 2650 1288 2748 Quot
1307 2650 1391 2732 sunt
1412 2653 1572 2734 minime
1591 2653 1630 2732 in
1651 2665 1862 2757 temporum
1883 2679 1965 2759 per·

385 2791 469 2870 que.
507 2763 631 2863 Quoi
653 2766 830 2856 maxima,
850 2765 983 2868 longa,
1000 2768 1082 2845 bre-
1120 2761 1278 2843 fedione
1300 2763 1536 2865 longorumi
1564 2783 1629 2861 27.
1653 2789 1733 2871 qua
1756 2791 1823 2870 per
1846 2782 1965 2848 teroa-

238 2881 316 2967 ria,
347 2876 574 2966 lemibrevia.
605 2879 766 2956 minima.
1122 2878 1212 2954 riam
1242 2873 1456 2954 diriilooeur
1482 2872 1533 2958 ed
1557 2875 1809 2960 iudirlfibilem
1837 2901 1963 2983 perae·

296 2987 459 3073 Maxima
478 3013 558 3094 qua
578 2989 656 3069 esti
685 2989 852 3091 bipartita
867 2987 928 3069 eii
970 2985 1082 3085 an-
1123 2989 1233 3069 niunt
1255 2989 1442 3067 unitatem.

238 3102 385 3183 modoi
413 3115 477 3184 aut
501 3103 600 3182 euim
624 3100 827 3202 longissiura
849 3100 908 3179 vel
929 3099 1082 3203 longior
1178 3098 1336 3179 Numeri
1367 3122 1607 3181 numerorum
1641 3114 1735 3209 quot
1764 3100 1877 3184 inuti
1912 3100 1966 3201 (e)

237 3214 449 3319 appellator.
1125 3221 1190 3301 8¹·
1216 3212 1280 3314 qni
1306 3232 1457 3290 omnem
1482 3212 1742 3314 persediooena
1769 3216 1805 3293 dt
1830 3217 1965 3319 imper-

295 3322 517 3425 Longiffinra
546 3346 628 3427 quae
659 3318 741 3403 elli
780 3320 877 3419 Qua
906 3321 972 3403 sub
1002 3344 1081 3403 uno
1123 3322 1318 3401 fallionem
1343 3322 1537 3404 cuiuslibet
1564 3326 1665 3408 nocie
1694 3320 1880 3407 continuae
1903 3325 1966 3406 de-

240 3450 394 3521 accentu
433 3438 547 3516 tribue
590 3436 714 3537 longia
751 3434 980 3535 temporibus
1024 3431 1083 3530 (b)
1123 3436 1330 3515 terminant

238 3548 477 3631 mensuratur.
1180 3544 1285 3641 Quid
1311 3545 1362 3624 est
1388 3543 1590 3648 perteniat
1624 3544 1694 3641 ld.
1724 3571 1803 3653 quo
1827 3548 1965 3656 aliquid

295 3656 467 3761 Longior
494 3682 575 3763 quar
603 3655 682 3739 esti
717 3678 799 3760 quae
823 3656 888 3735 sub
917 3680 995 3737 uno
1023 3678 1082 3760 ac·
1123 3658 1174 3739 est
1196 3656 1407 3758 periodum.

237 3785 351 3855 centn
374 3772 519 3851 duobus
543 3770 665 3872 longis
688 3769 918 3872 temporibus
940 3768 1084 3873 profer·
1180 3765 1348 3865 Quideil
1364 3768 1616 3871 imperfectio?
1634 3768 1966 3878 secundumquam

239 3896 312 3967 tur.
342 3879 397 3981 (c)
1123 3880 1273 3985 aliquod
1295 3881 1346 3960 est
1369 3880 1633 3982 imperfeituur.

297 3992 402 4091 Quid
425 3992 476 4074 est
498 4006 643 4096 tempus
663 3993 700 4071 in
722 3988 912 4093 generali?
942 3990 1083 4073 mensu·
1181 3991 1287 4089 Qun
1303 3990 1354 4071 eli
1367 3990 1598 4097 perfeetum?
1619 3995 1724 4098 qnod
1740 3997 1778 4073 iu
1794 4010 1867 4075 trea
1886 4020 1969 4100 par·

238 4131 279 4191 ra
296 4106 396 4187 rocio
416 4103 648 4210 prolatent
668 4126 746 4185 uno
766 4118 874 4183 motu
890 4105 1080 4183 continuo.
1125 4119 1179 4183 tes
1207 4100 1271 4202 (f)
1299 4102 1351 4183 eil
1377 4102 1575 4196 diuiditur.
1605 4105 1664 4187 rei
1692 4106 1730 4186 iu
1763 4106 1852 4189 duaa
1881 4111 1967 4189 inae-

297 4217 403 4314 Qud
435 4218 486 4297 est
513 4230 658 4318 tempus
687 4212 876 4315 longum?
913 4215 1015 4318 quod
1043 4218 1082 4295 io
1124 4214 1271 4321 quales,
1300 4238 1457 4319 quarum
1491 4220 1616 4299 miuor
1642 4241 1665 4301 a
1691 4220 1831 4301 maiore
1859 4220 1967 4322 seipsa

240 4344 313 4412 tter
341 4326 399 4429 (d)
428 4330 586 4431 partium
612 4323 796 4430 usquead
821 4348 953 4407 uocem
977 4329 1084 4406 mini·
1125 4330 1269 4429 integre
1292 4327 1488 4429 superatur.

240 4466 340 4523 oram
368 4440 558 4542 separator.
1182 4438 1288 4535 Quid
1308 4442 1360 4519 est
1381 4438 1663 4544 imperfedumi
1690 4442 1794 4547 quod
1817 4444 1856 4522 in
1879 4442 1969 4523 duaa

298 4550 403 4649 Quid
424 4554 473 4630 est
493 4552 688 4629 minimum
708 4550 748 4627 in
768 4547 887 4651 nocti
915 4548 1018 4652 quod
1035 4548 1086 4629 est
1125 4566 1245 4654 parter
1269 4550 1445 4633 dividitur
1466 4551 1631 4659 aequalea

238 4661 453 4747 indivilibile
476 4662 695 4741 naturaliter.
1267 4659 1296 4742 P
1316 4684 1341 4765 p
1374 4682 1393 4753 a

1220 1760 1429 1863 maguirum
1449 1760 1643 1850 Iohannem
1663 1764 1706 1851 ae
1725 1764 1865 1851 Muris.

284 4840 331 4916 (a)
350 4838 421 4899 nna
440 4843 478 4898 ite
496 4840 609 4912 inoluit.
631 4836 735 4896 Iunis
753 4840 782 4895 de
800 4839 893 4897 Meris
914 4839 1038 4896 neonus
1057 4840 1087 4897 dr
1169 4840 1216 4916 (e)
1236 4840 1279 4898 Bi·
1298 4840 1419 4913 perfodiit
1436 4844 1481 4900 orl
1495 4842 1649 4913 inperfielr'r
1668 4842 1835 4908 usim.

239 4923 341 4996 mrim
385 4924 470 4997 lnolp.
495 4922 530 4981 ta
548 4921 744 4995 uisuntur»,
762 4924 827 4994 ner
840 4929 924 4995 aaut
940 4924 1087 4997 ornationis
1170 4922 1219 4999 (d)
1241 4924 1284 4980 Bl-
1305 4926 1335 4980 n·
1355 4934 1406 4980 terr
1425 4936 1508 4995 me
1529 4926 1564 4990 ὅ
1580 4928 1696 4997 partiare
1711 4935 1803 4997 parm.

230 5002 300 5079 [nrt
320 5008 450 5079 quaque,
472 5008 588 5061 mm
610 5006 660 5062 &a
1173 5004 1220 5080 (e)
1241 5006 1283 5063 lll.
1305 5005 1378 5079 ,Quat
1390 5004 1456 5071 suat
1472 5022 1519 5078 per
1537 5008 1670 5080 unwano
1687 5010 1803 5067 mima
1817 5007 1952 5081 perfidae

293 5083 674 5168 armeniano
1174 5086 1421 5167 <onemu-
