4750 6025
681 642 685 651 ·
849 572 1069 661 SUMMA
1111 570 1371 660 MUSICAEe
1861 579 1977 695 197

425 763 429 771 ’
502 746 751 837 einamma
771 726 850 835 ill·
922 781 924 785 ·
1132 756 1317 835 materiam
1352 753 1391 835 &
1423 752 1662 859 quantitatem
1695 751 1734 833 ia
1765 740 1976 861 qualitatem

248 924 327 1037 9⁹5
345 928 468 1031 isim
493 928 685 1013 “mm
716 906 842 1028 ''mi“
868 932 909 1009 in
942 925 1087 1021 ‘edilia‘
1130 866 1682 1064 asApppppstsppzaaaucteeepam
1707 972 1853 1058 ecclelia
1889 1001 1975 1059 cau-

357 1088 360 1093 ·
422 1102 423 1105 ¹
567 1038 618 1132 ὅ
648 1065 770 1143 qnare.
1130 1092 1231 1170 tandi
1253 1091 1353 1171 causa
1377 1091 1584 1173 deuotionis
1609 1092 1720 1171 traxit
1741 1116 1762 1170 a
1781 1108 1892 1174 cautu
1918 1115 1975 1170 re-

303 1201 403 1287 Cuur
437 1204 561 1307 itaque
600 1214 658 1284 tot
696 1205 735 1283 δι
770 1215 891 1293 muta,
922 1205 1002 1283 imo
1034 1204 1090 1281 in·
1130 1203 1347 1305 ligiosoruur
1394 1207 1631 1307 antiquorum
1666 1217 1750 1311 'um
1792 1209 1831 1283 iu
1872 1226 1975 1297 noro

248 1316 659 1425 numerabiliterplura
692 1314 834 1397 musicae
866 1318 1090 1418 reperiantur
1116 1340 1243 1418 ,quam
1271 1319 1309 1399 in
1338 1320 1452 1396 veteri
1481 1307 1707 1395 testamento.
1755 1311 1907 1418 Legitur
1935 1319 1975 1395 iu

246 1430 451 1537 preconia,
474 1428 673 1510 statuerunt
699 1431 820 1530 primo
847 1426 1026 1528 lguatius,
1052 1428 1090 1505 δι
1131 1426 1288 1507 Daniele
1320 1428 1358 1506 &
1396 1431 1511 1507 tribus
1545 1430 1666 1532 pueris
1689 1422 1851 1507 laudern
1886 1428 1974 1511 Deo

245 1540 330 1643 pust
354 1544 476 1623 beatus
498 1539 709 1621 Ambrossus
731 1528 1017 1629 illediolaneusrs
1036 1563 1092 1617 ar·
1133 1540 1346 1621 canentibus
1373 1543 1413 1619 iu
1440 1540 1608 1620 fornace:
1636 1539 1771 1640 legitur
1796 1544 1904 1623 etiam
1934 1545 1982 1620 iu‘

245 1652 518 1756 chiepiicopus,
541 1662 591 1759 ut
622 1652 662 1732 iu
687 1650 831 1733 ecclelia
866 1650 953 1731 Deo
987 1651 1093 1731 servi·
1132 1648 1284 1746 Exodo,
1312 1654 1503 1757 postquam
1533 1651 1676 1732 Hebraei
1703 1676 1802 1732 mare
1828 1656 1975 1736 transie-

245 1778 352 1845 retur.
371 1788 437 1868 per
461 1779 618 1847 cantum
635 1760 786 1867 propter
809 1767 985 1843 maiorem
1012 1768 1089 1845 eins
1132 1779 1213 1846 rant
1258 1766 1297 1843 dc
1346 1765 1510 1845 uiderant
1550 1764 1747 1869 AEgyptioa
1786 1770 1975 1864 involutos

243 1878 484 1957 reverentiam
525 1878 563 1955 δι
603 1876 810 1957 honorem.v
866 1874 1089 1957 Ordinantes
1130 1881 1233 1981 aquis
1268 1876 1516 1967 submersos,
1544 1872 1801 1957 Mariasoror
1835 1880 1974 1985 Moyse

243 1990 385 2091 igitur,
415 1990 505 2091 quid
539 1990 578 2067 δι
616 2002 818 2092 quantum,
850 1988 887 2066 aa
925 1988 1087 2092 quaudo,
1130 1988 1353 2071 cumfratre
1383 1987 1448 2069 suo
1487 1992 1525 2067 iu
1565 1990 1710 2069 cantico
1748 1989 1815 2071 suo
1849 1987 1973 2076 laudet

244 2102 283 2181 da
321 2099 473 2203 qualiter
499 2102 719 2184 anundum
746 2099 832 2211 esset
858 2102 896 2178 in
922 2096 1086 2188 -eectefia,
1129 2100 1217 2183 Deo
1229 2100 1449 2201 psallebant,
1470 2101 1652 2183 monada
1671 2119 1854 2187 narrantes
1871 2130 1973 2209 mag-

242 2224 517 2317 praeceperunt,
548 2226 692 2293 utnon
722 2210 937 2301 incusando,
970 2212 1090 2291 rideu·
1129 2214 1222 2295 nalia
1247 2211 1460 2317 salum-ionis.
1509 2212 1601 2295 item
1629 2224 1693 2298 rea
1710 2213 1831 2297 David
1856 2222 1895 2313 du
1922 2222 1974 2300 ci·

242 2324 296 2405 do
322 2324 378 2403 rel
402 2323 580 2415 saltando,
610 2324 669 2404 sed
698 2322 884 2435 lqutniliter
908 2332 954 2405 'ac
976 2324 1089 2403 devo·
1129 2322 1308 2432 thurando
1337 2328 1495 2405 monuit
1515 2349 1646 2433 'coram
1674 2352 1755 2410 arca
1782 2332 1818 2408 dr
1843 2356 1972 2412 coram

217 2438 281 2517 'te
308 2438 346 2514 in
373 2435 499 2515 diuino
524 2459 675 2539 quoque
702 2433 826 2516 officio
854 2459 979 2515 coram
1007 2433 1090 2517 Do-
1130 2436 1322 2525 Domino,
1339 2433 1476 2526 &alios
1492 2445 1794 2544 cannrernonuit
1808 2446 1843 2521 in
1856 2444 1974 2524 diver·
2043 2480 2046 2483 ·

239 2551 350 2628 mino
371 2550 410 2624 in
433 2548 547 2628 ranna
568 2546 709 2629 ecclesia
733 2560 946 2633 cantaretur.
987 2545 1087 2627 idem
1129 2548 1173 2627 fis
1201 2548 1446 2654 instrumentis
1471 2549 1636 2639 musicis,
1663 2544 1807 2633 dicens}
1832 2568 1974 2644 mutate

234 2658 456 2742 Ambrosius
477 2675 625 2740 cantum
648 2661 734 2740 secit
759 2660 908 2740 cuilibet
933 2658 1005 2739 diei
1031 2672 1089 2737 to·
1131 2660 1286 2739 Domino
1305 2661 1677 2740 cumicumnoonm'&
1690 2660 1839 2768 reliqua,
1856 2670 1973 2749 &ite-

239 2780 317 2853 tius
354 2774 441 2851 anni
469 2776 662 2875 proprium
692 2776 728 2851 dc
758 2772 954 2877 specialiter
987 2769 1089 2872 allig-
1131 2796 1236 2853 rum:
1266 2782 1428 2862 curtata,
1446 2769 1493 2861 Gi
1512 2772 1908 2876 carternitanum
1932 2784 1971 2863 da

239 2898 397 2973 natum,
422 2884 457 2963 lit
478 2908 552 2985 ,per
577 2885 646 2964 suae
671 2882 931 2964 iurisdictionis
953 2904 1088 2969 somnes
1121 2877 1287 2971 lterum:
1311 2880 1466 2963 Domino
1485 2888 1525 2962 in
1544 2897 1707 2987 tympano
1725 2884 1772 2975 Β
1788 2892 1973 2982 charmin

241 2994 406 3080 ecclesias
438 3018 524 3077 eum
552 2996 702 3078 instituit
730 2994 938 3078 solemniter
967 2993 1089 3078 obser·
1125 2996 1295 3098 psalterio
1319 2991 1367 3085 ὅ
1391 2992 1552 3087 cithara,
1579 3002 1619 3076 ire
1645 2998 1811 3098 cymbalis
1836 3000 1974 3107 beneso-

240 3109 418 3190 eandum.
938 3181 940 3184 .
1128 3106 1318 3198 nantibus,
1348 3112 1389 3187 in
1421 3110 1561 3189 chordis
1582 3102 1636 3200 'sn'
1652 3105 1817 3212 ‚ragnum
1847 3113 1889 3194 r'n
1916 3106 1973 3196 tn.

304 3220 446 3301 Abiude
491 3221 628 3302 sautius
669 3219 873 3322 Gregorius
910 3217 1087 3302 Romanae
1127 3220 1182 3304 lis
1217 3217 1401 3300 dudililrrs
1427 3217 1475 3310 Gi
1504 3245 1589 3301 nore
1615 3221 1707 3302 tube
1735 3249 1877 3308 corneae,
1929 3229 1970 3310 lu

240 3333 338 3414 sedis
365 3331 527 3422 antistes,
549 3333 653 3435 super
675 3337 779 3414 cuius
803 3333 998 3414 humerum
1022 3331 1089 3414 Pe·
1129 3357 1232 3417 novo
1263 3337 1369 3436 etiam
1400 3327 1615 3428 testamento
1649 3337 1841 3440 postquam
1876 3365 1972 3422 unus

240 3461 324 3526 trus
366 3445 540 3524 diaconus
582 3443 673 3524 vidit
704 3444 826 3526 sedere
863 3444 1087 3534 columbam,
1129 3444 1281 3548 angerus
1324 3447 1549 3548 nuntiauerat
1595 3446 1797 3552 pastoribus
1839 3452 1973 3534 Christi

240 3555 397 3662 qnando
420 3555 518 3633 idem
535 3555 741 3658 Gregorius
767 3552 915 3638 utilitati
935 3555 1088 3638 ecclelia
1131 3559 1376 3647 uastitatem,
1403 3581 1610 3660 nepotum
1646 3555 1830 3642 uideretur
1864 3569 1972 3644 nnius

238 3669 481 3775 praevidendo
518 3668 713 3760 scribebat,
748 3685 899 3750 cantum
932 3693 1090 3771 compo-
1129 3668 1576 3770 a'utloritat,'·nrultitudo
1619 3673 1836 3776 angelorum
1869 3675 1971 3757 simul

238 3781 315 3862 suit
337 3803 403 3884 per
427 3794 543 3866 totum
567 3781 773 3862 Romanam
795 3776 976 3860 ecclesam
1001 3803 1089 3884 pro·
1130 3805 1227 3890 cum,
1242 3772 1306 3858 illo
1333 3785 1490 3859 cantavit
1515 3779 1649 3861 Gloria.
1673 3787 1713 3862 in
1735 3784 1872 3879 excellis
1897 3786 1972 3866 Deo

241 3891 513 3996 nauigandum,
546 3897 584 3974 ἀ
621 3895 745 3995 primo
781 3893 865 3974 eum
896 3895 947 3972 'ad
976 3887 1098 3972 eccle?
1131 3890 1209 3982 &a
1248 3890 1435 3994 Preterea
1468 3896 1648 3995 reperitur
1680 3901 1863 3978 canncum
1901 3894 1985 3981 Za-¹

242 4005 309 4086 fias
330 4003 551 4085 cathedrales
575 4002 787 4102 transmisrt3
819 4003 878 4109 sed
903 4004 1088 4106 prolixum
1131 4005 1287 4095 chariar',
1331 4003 1463 4096 scilicet
1509 3997 1742 4104 Benedr'dur3
1787 4015 1971 4092 cauticum

243 4140 333 4197 eum
360 4139 439 4194 nou
470 4116 577 4208 fecit,
608 4117 922 4222 quemadmodum
952 4116 1089 4196 renem
1132 4115 1258 4198 Maria
1301 4113 1538 4216 ngnr'ylco23
1566 4121 1750 4199 mutinum
1794 4120 1973 4205 Simeonis

244 4226 457 4315 Ambrosius
487 4229 600 4310 ditius
634 4231 684 4309 eil
716 4245 863 4309 cantum
899 4229 1004 4310 suum
1038 4227 1090 4308 se·
1130 4229 1242 4332 Nunc
1264 4228 1439 4317 urrann,
1463 4252 1544 4332 quae
1566 4253 1644 4309 nou
1666 4231 1742 4312 fine
1765 4233 1866 4314 causa
1889 4260 1974 4317 can·

243 4339 347 4425 cisse:
382 4339 518 4418 &hoc
542 4359 582 4422 ut
604 4343 750 4446 quidam
770 4338 945 4430 asserunt,
976 4363 1103 4444 prop:
1130 4337 1203 4422 tica
1245 4355 1515 4448 nuncupantur.
1570 4339 1710 4424 Modus
1751 4348 1875 4449 itaque
1916 4373 1973 4429 ca·

242 4449 301 4540 te'r
338 4457 567 4556 fatigationes
607 4456 846 4540 morborum,
884 4453 953 4532 suit
991 4447 1088 4532 enirn
1131 4455 1247 4546 nendi¹
1287 4453 1325 4531 dt
1375 4451 1485 4555 ipsus
1529 4459 1687 4536 cantoris
1733 4458 1972 4539 devotionem

242 4573 385 4676 semper
410 4570 683 4672 quartanarius,
715 4565 753 4643 ae
786 4579 954 4666 praterea
984 4583 1092 4664 urge·
1131 4563 1314 4654 ostendit,
1345 4563 1383 4642 dc
1419 4567 1456 4644 in
1487 4563 1679 4659 auditore,
1710 4567 1735 4646 sr
1767 4573 1874 4650 bonae
1908 4598 1973 4652 vo·

243 4685 309 4764 bat
333 4705 418 4763 euur
453 4681 621 4784 syncopis
649 4680 687 4756 &
715 4673 888 4781 podagra.
938 4675 1008 4756 lllii
1037 4675 1092 4765 dl·¹
1131 4675 1281 4762 luntatis
1302 4677 1375 4770 est,
1396 4675 1537 4760 suscitat
1562 4677 1769 4759 devotionis
1791 4683 1972 4773 affedum,

243 4808 355 4885 cunt,
388 4793 581 4873 &melius
606 4791 722 4879 sorte,
746 4787 926 4892 quidquid
954 4784 1092 4890 scripsit
1134 4791 1172 4868 δι
1207 4803 1360 4892 propter
1389 4786 1464 4868 lrdc
1495 4792 1533 4867 in
1564 4789 1710 4872 ecclesa
1741 4797 1875 4876 merito
1904 4795 1975 4878 fre·

243 4905 452 5015 Gregorius
477 4921 552 4990 taru
577 4905 615 4985 iu
638 4917 747 4988 cautu
769 4923 880 5012 quana
902 4899 1092 5016 prosm&
1132 4914 1327 5008 queantur
1354 4899 1541 4988 humiliter
1566 4907 1611 4984 ac‘
1636 4893 1780 4984 deuote
1943 5008 1946 5014 y

1244 5079 1369 5218 lb!
1470 5113 1519 5121 '⁵
1764 5093 1767 5097 7
1834 5127 1922 5212 Me·
