4750 6025
370 508 457 623 60
876 562 913 643 ῃ
952 526 1105 615 nun
1148 524 1509 626 sicomorus

371 711 473 813 ueni¹
490 706 734 819 Respondent
762 718 886 793 toturn
908 734 1036 813 rerum
1056 708 1127 799 eii,
1155 702 1216 789 sed
1256 704 1393 811 mosot,
1417 702 1522 810 qood
1543 667 1928 811 primmpondmsu
2021 726 2103 790 uuo

372 830 522 931 quintus
585 824 714 907 unitur
747 822 794 903 de
828 826 952 925 primo
982 822 1124 926 punito
1160 842 1217 901 re·
1257 817 1396 926 pondo
1419 819 1661 920 magisquom
1684 816 1888 921 superclio
2004 832 2104 915 etun

373 946 509 1041 comp'e
613 940 863 1037 tirerumpr'o
886 936 1013 1035 primo
1027 932 1217 1035 pundoin
1259 931 1299 1010 ἃ
1324 928 1409 1009 ideo
1432 929 1583 1032 praesene
1601 928 1875 1028 dodrinmuec
1899 927 2022 1032 igun-
2036 936 2104 1032 pet

373 1056 725 1241 tutuno
766 1046 1222 1262 titillemur
1259 1039 2106 1257 &tinnientem

470 1225 472 1230 .
1687 1210 1700 1248 ‚
1971 1208 1984 1241 ,
2083 1230 2086 1232 Α

376 1277 500 1375 primo
529 1273 566 1349 in
603 1271 735 1349 ultimo
763 1284 945 1373 computo
977 1270 1025 1347 de
1062 1289 1219 1348 numero
1259 1264 1352 1347 iufra
1379 1276 1498 1354 rotem
1524 1267 1784 1356 continentur,
1814 1264 1990 1349 ordiuntur
2020 1264 2104 1345 sont

377 1388 561 1486 quinque:
593 1382 631 1460 dr
660 1380 732 1471 llo,
764 1395 805 1461 ot
831 1380 1066 1469 ditium-eil,
1097 1376 1221 1483 queit-
1260 1373 1458 1457 secundom
1481 1375 1585 1480 quod
1617 1374 1753 1457 tenor
1782 1376 1821 1454 &
1851 1377 2105 1480 uumqnitqm

373 1494 441 1573 ‘bet
459 1492 750 1573 circumferentia
773 1495 940 1572 continet
965 1492 1162 1571 veritatem.
1259 1489 1418 1589 corrigit
1436 1486 1567 1577 ulium,
1596 1488 1636 1566 dc
1660 1484 1726 1566 fibi
1750 1486 1915 1567 notificet
1936 1486 2105 1570 dubitent

435 1604 507 1685 Sed
536 1628 649 1706 quare
677 1626 787 1687 voces
825 1628 902 1683 non
938 1603 1067 1683 distant
1095 1596 1222 1703 aeqooli
1262 1597 1378 1681 suum.
1417 1594 1509 1679 ltem
1530 1596 1737 1681 nomadum
1755 1598 1985 1687 nombiliter,
2000 1594 2105 1702 quod
2145 1680 2149 1686 ,

379 1735 537 1797 numeru
555 1714 802 1818 pundorumi
827 1713 1068 1817 Respondent
1090 1711 1223 1793 conso·
1262 1709 1449 1799 dodrina.
1480 1734 1563 1813 quoe
1588 1710 1819 1791 uuerde
1845 1727 2007 1813 quatuor
2035 1733 2107 1790 uo·
2150 1733 2152 1738 ·

378 1831 500 1907 nuntio
519 1848 663 1912 ‘uocum
677 1827 702 1917 ,'
719 1850 839 1930 oeque
864 1842 989 1907 nature
1015 1842 1141 1906 cnutus
1165 1846 1224 1901 ar·
1261 1824 1386 1908 cibem.
1416 1822 1500 1902 deu
1519 1823 1569 1902 est
1590 1822 1639 1901 de
1660 1823 1797 1909 tribue.
1828 1822 1868 1901 dc
1891 1821 1938 1902 de
1962 1822 2105 1905 duubut

379 1937 530 2020 tilicielie
557 1961 627 2018 nec
659 1937 827 2017 naturalis
854 1938 928 2019 hoc
954 1938 1151 2038 permittit3
1182 1936 1221 2013 de
1264 1933 1303 2012 te
1320 1933 1368 2016 de
1382 1936 1566 2035 quinque.
1595 1930 1797 2037 sappino
1828 1933 1879 2013 sar
1907 1928 1994 2013 esset
2021 1956 2106 2013 mn·

380 2046 552 2139 fifieret,
583 2064 729 2151 turpem
757 2049 994 2129 sonoritatem
1020 2060 1221 2151 generaret
1263 2056 1350 2123 tere
1394 2044 1481 2125 Sed
1501 2041 1592 2125 ultra
1625 2061 1784 2147 quotuor
1806 2068 1886 2125 uon
1915 2056 2106 2145 generaret

381 2159 428 2242 Et
452 2165 500 2240 ita
529 2159 757 2241 artificialiter
787 2163 828 2240 dr
852 2160 1110 2241 ordinabiliter·
1129 2154 1226 2261 poli-
1264 2154 1329 2238 niti
1352 2155 1783 2259 turpem-sonoritatem,
1814 2158 1852 2236 dc
1880 2154 2017 2261 saperet
2042 2180 2107 2237 uu·

381 2288 484 2355 tum·
498 2272 549 2350 est
576 2276 614 2350 in
646 2272 785 2372 figure,
799 2302 800 2305 ¹
813 2273 851 2351 dr
877 2271 987 2351 hebet
1020 2268 1222 2358 ueritatem,
1264 2281 1383 2347 turem
1417 2290 1459 2347 tc
1494 2266 1519 2345 st
1565 2266 1765 2369 collegium
1807 2282 1979 2357 cantaret„
2024 2266 2107 2349 Nec

380 2383 485 2464 aliter
502 2408 578 2461 non
592 2385 749 2471 haberet.
779 2378 1224 2485 Etellsciendum,quod
1264 2382 1373 2459 etium
1418 2381 1665 2483 permittitur,
1705 2379 1808 2481 quod
1843 2378 1921 2459 duo
1958 2391 2109 2465 mutent

381 2512 508 2592 cnutus
527 2495 750 2575 laicorume
779 2512 903 2578 natura
930 2492 1061 2573 infixus
1087 2494 1224 2575 eisdem
1265 2494 1304 2567 in
1329 2488 1455 2569 eudem
1482 2513 1596 2582 voce,
1620 2486 1683 2570 nifi
1709 2493 1747 2571 iu
1771 2493 1888 2594 primu
1911 2490 2110 2584 causaliter,

383 2622 426 2689 ut
458 2612 494 2685 in
524 2606 707 2709 pluribus,
739 2602 1224 2709 &instrumentorumiip
1264 2599 1410 2698 siesset
1432 2616 1521 2681 tum
1556 2600 1649 2683 beffa
1682 2604 1829 2704 ptimo,
1857 2626 1906 2682 ne
1937 2600 2054 2707 posset
2085 2624 2110 2683 e

382 2742 540 2797 neurum
563 2722 701 2821 appetit
729 2716 818 2797 illud
847 2707 967 2803 idern,
999 2730 1226 2797 nontamen
1266 2713 1582 2794 circumstantibus
1609 2713 1735 2793 audiri.

382 2846 509 2909 cantus
541 2825 862 2916 anberdurum.
904 2832 966 2930 qui
1004 2827 1143 2907 ululant
1178 2826 1226 2903 od
1323 2824 1450 2919 Quare
1466 2822 1582 2925 figure
1605 2848 1683 2904 uon
1706 2825 1759 2904 est
1780 2823 1938 2905 rotunde
1961 2846 2007 2903 ex
2026 2847 2111 2904 om·
2149 2914 2152 2920 ,

384 2941 540 3021 modum
570 2942 756 3041 luporum.
807 2939 927 3034 Quod
957 2938 1141 3018 manifeste
1164 2959 1227 3039 pa·
1267 2938 1306 3017 oi
1346 2953 1469 3038 perte,
1512 2936 1570 3016 rel
1608 2934 1808 3041 quadratu,
1843 2960 1930 3017 cum
1965 2938 2109 3019 constet

385 3067 462 3147 tet3
493 3077 576 3134 nom
608 3051 634 3130 li
664 3075 759 3132 unus
793 3052 902 3132 inicus
934 3052 1075 3130 audiret
1113 3050 1227 3128 elium
1267 3070 1315 3128 ex
1334 3047 1522 3151 quotuor?
1551 3045 1795 3152 Respondent
1824 3050 1873 3127 ita
1902 3045 1976 3127 lieri
2000 3049 2110 3130 debet

383 3165 514 3244 laicum
540 3181 684 3270 cantare
708 3167 744 3241 in
770 3167 887 3266 prima
911 3161 1001 3242 bassa
1024 3185 1138 3254 voce,
1164 3161 1228 3254 be·
1267 3160 1489 3250 admodum
1511 3159 1629 3247 luoae,
1652 3181 1734 3262 quae
1754 3160 1862 3238 hebet
1881 3161 1958 3240 duo
1980 3165 2108 3263 capim

385 3301 432 3355 ne
452 3277 570 3354 saliret
589 3275 683 3354 tetta
706 3277 743 3351 in
767 3278 889 3361 tertia,
919 3293 997 3352 noo
1021 3290 1143 3354 autem
1163 3272 1228 3350 eli·
1267 3269 1410 3351 Nonne
1435 3270 1518 3348 suut
1553 3271 1712 3364 ordinati
1734 3271 1795 3349 illi
1829 3288 2034 3374 quatuor,·‘
2043 3273 2109 3374 qui

384 3411 462 3490 quo
492 3386 607 3464 modo
637 3390 673 3464 in
702 3383 878 3477 secuuda;
910 3385 964 3461 rel
993 3386 1228 3463 econtrario
1268 3396 1439 3471 cantent,
1476 3404 1519 3460 oc
1549 3379 1582 3458 fi·
1612 3383 1828 3481 respicerent
1860 3382 1907 3460 ed
1942 3381 2109 3481 librumi

385 3501 430 3578 de
456 3501 560 3579 tertia
579 3501 776 3600 inprime,
806 3496 865 3580 sed
893 3519 1085 3600 uunquam
1114 3498 1152 3574 iu
1175 3494 1229 3572 se·
1267 3491 1360 3574 stem
1391 3494 1528 3592 primur
1560 3514 1631 3595 per·
1656 3494 1690 3571 se
1722 3491 1809 3572 facit
1843 3517 1958 3574 unum
1987 3511 2108 3596 ceput,

386 3611 516 3691 conde
1269 3606 1317 3685 in
1346 3601 1451 3704 quud
1490 3625 1566 3689 uox
1597 3602 1657 3683 suu
1690 3625 1768 3682 non
1808 3608 1927 3704 tangit
1956 3605 2108 3709 aliquid.

443 3722 570 3816 Quare
599 3743 772 3802 numerus
804 3719 1025 3822 pundorum
1055 3717 1094 3795 dr
1126 3714 1230 3824 ordi·
1267 3714 1350 3819 post
1373 3713 1409 3796 se
1435 3713 1545 3793 habet
1570 3714 1724 3818 reliquas
1749 3729 1834 3795 tres.
1884 3708 2112 3814 Quirinus·
2151 3753 2154 3758 ·

386 3837 487 3912 notio
529 3855 663 3911 vocum
701 3856 781 3911 non
815 3833 1032 3932 exprimitur
1070 3851 1135 3932 per
1171 3839 1234 3918 ut,
1269 3826 1403 3914 militer
1420 3824 1619 3908 sociteliud
1637 3839 1867 3928 ceput,cum
1884 3852 1961 3912 non
1982 3827 2113 3910 hebeat

385 3968 448 4030 re,
477 3947 555 4034 mi,
571 3939 639 4041 fu..
661 3940 741 4040 sul,
771 3940 829 4032 su,
850 3966 936 4022 cum
958 3941 1018 4020 hie
1036 3956 1163 4042 agutur
1181 3940 1229 4021 de
1268 3937 1378 4018 olium
1407 3937 1654 4038 superiotem3
1691 3939 1728 4016 δι
1753 3936 1803 4019 fio
1827 3939 1936 4020 debet
1962 3938 2039 4021 fieri
2063 3940 2114 4019 ud

386 4053 527 4158 pondis
551 4055 590 4137 dc
615 4053 747 4134 cantui
779 4052 1020 4154 Respondent
1053 4051 1132 4141 ille,
1163 4053 1230 4154 qui
1270 4050 1424 4128 modum
1466 4047 1560 4127 lune
1599 4049 1637 4127 tr
1672 4047 1722 4145 od
1764 4050 1920 4133 modum
1948 4065 2039 4132 rotae
2074 4055 2114 4130 in

387 4166 501 4246 edidit
544 4165 752 4267 presentem
797 4166 1031 4262 doctrinam,
1080 4163 1230 4244 nolebat
1269 4159 1511 4262 parternum
1543 4160 1797 4240 arecuntoudi
1833 4164 1882 4242 ita
1917 4163 1968 4241 est
1985 4164 2114 4242 udde·

387 4280 533 4358 turbare
562 4278 803 4365 addiscentes,
827 4275 886 4354 sed
921 4278 1045 4378 potius
1077 4275 1230 4354 instrue·
1269 4270 1430 4349 scensum
1470 4269 1574 4348 sicuti
1597 4272 1643 4348 od
1674 4271 1879 4364 ascensum,
1926 4275 1964 4351 de
1986 4297 2114 4357 econ·

387 4413 437 4468 re.
484 4389 582 4470 Nam
614 4386 639 4464 fi
675 4391 853 4491 inciperet
890 4411 956 4488 per
991 4396 1052 4476 ut,
1091 4387 1227 4488 primo,
1271 4381 1384 4461 uerso.
1456 4378 1502 4460 Et
1533 4382 1584 4462 esi
1614 4383 1841 4472 notandum,
1887 4385 1989 4485 quod
2023 4409 2113 4490 qun.

389 4513 430 4582 ut
455 4500 571 4580 facere
597 4501 725 4589 debet,
755 4499 920 4578 uolentes
946 4495 1126 4578 addiscere
1153 4497 1230 4577 for·
1266 4510 1358 4575 tuor
1382 4516 1492 4571 voces
1517 4496 1566 4572 ita
1589 4515 1739 4572 annexu
1765 4493 1850 4573 lunt
1873 4497 1966 4576 iuter
1990 4497 2049 4586 se.
2071 4514 2116 4580 ut

388 4611 479 4692 tess'rr
508 4611 763 4699 turbarentur,
793 4607 819 4686 fi
861 4609 998 4710 semper
1034 4607 1118 4696 illo,
1149 4629 1230 4709 quae
1271 4606 1310 4683 in
1339 4603 1496 4682 versibus
1525 4608 1760 4687 continetur:

388 4724 521 4803 vellent
544 4728 582 4802 in
606 4737 765 4825 quatuor
791 4722 943 4798 vocibus
969 4735 1135 4808 cantare,
1165 4716 1232 4796 nili
1277 4713 1406 4794 Tertio
1429 4738 1509 4793 curu
1541 4717 1667 4815 primu
1702 4715 1866 4816 resonat,
1896 4721 1982 4816 uuio
2018 4722 2120 4822 cupit

388 4834 427 4912 in
456 4847 498 4913 ut
528 4839 684 4937 primam
718 4855 849 4910 vocem
881 4830 1087 4912 funderent.
1131 4827 1231 4908 Num
1440 4829 1482 4906 in
1506 4827 1608 4918 imo,

389 4962 566 5048 quantum
608 4945 658 5024 eli
700 4943 749 5025 de
790 4957 916 5026 nature
951 4941 1113 5020 eiusdem
1146 4943 1233 5020 artie
1272 4935 1351 5019 Dat
1384 4935 1708 5040 inamoenum
1741 4931 1919 5023 mediante
1949 4965 2038 5024 voce
2054 4939 2116 5046 se·

388 5059 556 5142 emundi
576 5059 615 5138 iu
638 5073 797 5162 quatuor
824 5075 950 5146 roca,
970 5049 1043 5158 ipsa
1066 5073 1129 5135 ere
1151 5072 1234 5136 non
1440 5047 1567 5133 mnm.
2011 5053 2076 5139 Et
